2542 4117
137 239 179 306 18
420 257 554 301 usurus.
600 258 672 300 cnr.
693 257 763 299 xrv.

135 415 305 479 tissimum
320 431 441 496 regem,
456 409 628 474 clarissimi
646 411 732 495 regis
747 409 863 489 filium,
879 410 1052 495 expulerit,

138 520 374 598 civitatemque
397 522 556 601 perpetuo
580 515 757 579 dominatu
781 514 955 579 liberatam
980 538 1053 578 ma·

139 623 331 709 gistratibus
350 622 471 684 annuis
487 620 615 706 legibus
634 619 835 704 judiciisque
858 620 1052 699 devinxerit,

138 729 198 812 qui
221 728 368 813 collegae
391 747 453 789 suo
475 726 651 809 imperium
676 727 890 810 abrogaverit,
905 731 945 789 ut
967 747 986 789 e
1008 727 1053 788 ci·

138 836 242 897 vitate
263 832 383 917 regalis
406 831 552 894 nominis
568 830 764 893 memoriam
786 830 934 894 tolleret?
958 829 1053 913 quod

139 946 225 1002 certe
241 936 327 1000 effici
343 957 408 999 non
426 936 597 1019 potuisset,
613 935 676 998 nisi
699 941 787 997 esset
809 937 957 999 oratione
981 957 1053 1019 per·

140 1063 288 1107 suasum.
332 1040 384 1104 54.
409 1038 574 1102 Videmus
601 1040 682 1102 item
713 1040 828 1123 paucis
853 1042 949 1103 annis
974 1045 1055 1124 post

139 1168 233 1232 reges
248 1155 382 1209 exactos
397 1165 474 1208 cum
487 1143 599 1228 plebes
612 1165 712 1228 prope
726 1145 832 1228 ripam
853 1145 992 1208 Anienis
1008 1145 1054 1207 ad
1112 1179 1116 1183 v

139 1253 274 1314 tertium
290 1249 480 1312 milliarium
502 1248 715 1328 consedisset,
731 1270 875 1331 eumque
891 1255 1054 1328 montem,

139 1357 198 1439 qui
223 1354 324 1418 Sacer
346 1353 535 1437 appellatus
554 1359 613 1432 est,
629 1355 869 1438 occupavisset,
888 1353 934 1417 M
953 1354 1056 1417 Vale·

140 1460 228 1524 rium
259 1458 454 1522 dictatorem
489 1456 630 1520 dicendo
663 1458 831 1522 sedavisse
862 1458 1057 1540 discordias,

142 1564 239 1647 cique
262 1564 305 1625 ob
328 1582 404 1625 eam
425 1583 495 1624 rem
519 1563 657 1626 bonores
672 1562 896 1646 amplissimos
911 1563 1057 1644 habitos,

143 1674 178 1732 et
193 1688 271 1730 eum
287 1667 430 1751 primum
444 1668 486 1729 ob
499 1688 573 1729 earn
586 1668 695 1751 ipsam
707 1688 845 1730 oausam
864 1667 1058 1731 Maximum

144 1794 216 1836 esse
239 1771 455 1857 appellatum.
502 1771 556 1834 Ne
580 1771 619 1834 L.
638 1771 809 1835 Valerium
831 1773 967 1855 quidem
992 1773 1059 1836 Po·

17 1867 22 1902 *
143 1880 246 1942 titum
268 1878 403 1940 arbitror
424 1897 492 1938 non
515 1875 640 1958 aliquid
664 1877 811 1960 potuisse
830 1876 981 1957 dicende,
995 1879 1059 1960 qui
1140 1937 1145 1940 a

17 2029 29 2064 ,Χ
76 2053 106 2068 „.
145 1988 223 2101 post
251 1980 503 2043 decemviralem
531 1979 693 2043 invidiam
724 1980 892 2064 plebem'
883 2002 918 2044 1n
946 1987 1058 2066 patres

23 2151 30 2176 ι
47 2079 52 2116 ³
75 2121 82 2162 ·.
108 2139 113 2154 ,
144 2086 227 2151 incit
214 2091 319 2149 tatarn
335 2083 464 2169 legibus
481 2091 514 2147 et
529 2085 745 2152 concionibus
758 2086 827 2147 suis
843 2086 1058 2171 mitigaverit

145 2190 198 2253 55.
223 2190 405 2252 Possumus
424 2189 574 2273 Appium
566 2156 773 2252 Claudium
787 2191 945 2274 suspicarr
935 2191 1059 2254 diser·

145 2302 231 2373 tum,
246 2294 327 2376 quia
342 2294 523 2358 senatum'
511 2294 654 2378 jamjam
675 2293 873 2358 inclinatum
896 2316 918 2357 a
941 2295 1059 2380 Pyrrhi

147 2421 230 2486 pace
251 2400 467 2466 revocaverit:
492 2419 671 2482 possumus
696 2399 733 2462 C.
757 2400 961 2480 Fabricium,
977 2403 1060 2483 quia

148 2505 192 2569 sit
210 2504 253 2567 ad
271 2503 430 2589 Pyrrhum
455 2503 496 2567 de
519 2504 659 2588 captivis
678 2505 911 2588 recuperandis
933 2506 1060 2570 missus

29 2605 33 2610 ’
149 2615 274 2688 orator;
303 2608 356 2673 Ti.
386 2608 644 2688 Coruncanium,
670 2610 760 2692 quod
789 2631 831 2673 ex
861 2610 1059 2695 pontificum
1223 2689 1227 2704 Ι

149 2714 397 2778 commentariis
423 2713 522 2798 longe
549 2714 729 2798 plurimum
751 2714 886 2799 ingenio
913 2714 1059 2786 valuisse
1120 2703 1123 2706 i
1225 2757 1229 2766 ·

148 2819 316 2896 videatur;
335 2816 389 2880 Μ’.
409 2818 557 2896 Curium,
573 2818 664 2901 quod
678 2819 707 2881 is
721 2820 875 2882 tribunus
891 2818 994 2904 plebis
1009 2821 1059 2883 in·
1113 2853 1117 2866 ·

148 2933 273 3011 terrege
288 2925 398 3010 Appio
414 2923 534 3004 Caeco,
543 2924 665 2987 diserto
678 2926 821 3004 homine,
833 2927 970 2989 comitia
982 2949 1059 2990 con·

148 3038 200 3095 tra
215 3031 305 3116 leges
318 3031 468 3108 habente,
478 3051 555 3093 cum
568 3028 610 3093 de
626 3030 720 3115 plebe
736 3031 908 3094 consulem
922 3053 990 3096 non
1006 3054 1060 3095 ac·

29 3151 32 3160 ·
150 3136 304 3219 cipiebat,
315 3141 426 3219 patres
442 3140 519 3198 ante
541 3140 691 3198 auctores
707 3132 776 3197 fieri
792 3137 953 3221 coegerim
968 3137 1060 3219 quod

149 3239 214 3304 suit
236 3260 455 3324 permagnum
471 3240 620 3303 nondum
638 3240 709 3325 lege
728 3240 863 3304 Maenia
883 3241 961 3305 lata.
1006 3241 1060 3306 56.

151 3344 248 3408 Licet
266 3343 391 3428 aliquid
407 3344 509 3407 etiarn
525 3344 566 3407 de
584 3344 630 3407 M.
650 3345 779 3430 Popillii
796 3346 931 3431 ingenio
954 3347 1060 3430 suspi-

149 3449 224 3527 cari,
248 3449 316 3532 qui,
339 3469 416 3512 cum
441 3448 556 3512 consul
580 3456 675 3530 esset,
700 3450 884 3535 eodemque
910 3457 1060 3536 tempore
