2542 4117
206 303 250 372 34
466 322 601 370 snmus.
645 323 716 366 cre.
738 321 834 367 xxvr.

205 475 321 563 paullo
341 475 450 542 minor
475 482 559 544 natu
584 481 619 540 et
643 496 798 541 summus
821 480 931 540 orator
950 482 1002 541 est
1024 477 1121 541 habi-

206 587 262 647 tus
288 587 322 646 et
346 581 420 662 luit,
445 587 484 646 ut
513 587 651 666 apparet
676 602 717 645 ex
743 582 955 662 oratiombns‚
981 584 1123 666 scriptor

208 707 288 752 sene
308 688 427 752 bonus.
471 685 522 752 96.
547 686 622 751 Hoc
636 688 672 750 in
686 693 814 751 oratore
830 686 953 751 Latino
971 687 1120 771 primum

208 792 292 858 mihi
307 791 435 856 videtur
449 798 484 855 et
498 791 618 855 leuitas
634 792 826 876 apparuisse
840 791 896 855 illa
913 792 1121 855 Graecorum

208 902 243 961 et
256 898 429 964 verborum
445 895 693 981 comprehensio
708 897 825 981 etjam
834 896 849 927 ⁴
870 897 996 976 artifex,
1009 902 1049 959 ut
1070 898 1122 959 ita

210 1000 331 1081 dicam,
354 1001 458 1065 stilus.
503 1000 604 1065 Hunc
625 1001 773 1066 studiose
799 1001 867 1065 duo
891 1001 1121 1065 adolescentes

209 1105 468 1191 ingeniosissimi
486 1112 520 1170 et
536 1126 635 1191 prope
651 1106 818 1189 aequales,
836 1106 874 1170 C.
893 1107 1000 1169 Carbo
1016 1112 1051 1169 et
1068 1106 1122 1169 Ti.

214 1211 395 1291 Gracchus,
425 1210 538 1276 audire
572 1210 661 1275 soliti
693 1217 789 1291 sunt;
821 1211 864 1275 de
897 1212 1018 1294 quibus
1045 1211 1121 1295 jam

211 1314 344 1380 dicendi
365 1317 459 1380 locus
481 1316 551 1392 erit,
571 1335 651 1380 oum
672 1315 714 1380 de
737 1316 919 1380 senioribus
941 1337 1051 1400 pauca
1074 1314 1123 1378 di-

213 1440 299 1483 xero.
346 1418 388 1497 Q.
412 1420 502 1482 enim
526 1419 706 1504 Pompeius
729 1441 797 1483 non
817 1426 1029 1505 contemptus
1051 1441 1124 1483 ora·

211 1528 264 1588 tor
287 1525 490 1608 temporibus
515 1523 580 1588 illis
609 1524 683 1603 fuit,
711 1525 772 1607 qui
800 1545 951 1589 summos
980 1525 1125 1588 bonores

213 1628 316 1692 homo
335 1648 393 1713 per
415 1649 450 1692 se
473 1628 626 1714 cognitus
647 1628 717 1692 sine
739 1628 809 1693 ulla
831 1628 1124 1692 commendatione

215 1734 381 1818 majorum
392 1739 443 1798 est
455 1733 607 1818 adeptus.
651 1732 702 1798 97.
726 1734 817 1797 Tum
830 1733 868 1797 L.
886 1732 1023 1797 Cassius
1039 1732 1125 1797 mul·

215 1843 290 1904 tum
314 1839 424 1924 potuit
446 1859 513 1902 non
537 1837 726 1921 eloquentia
748 1838 808 1901 sed
828 1838 968 1902 dicendo
989 1844 1125 1919 tamen3

217 1944 319 2009 homo
334 1965 401 2010 non
416 1942 674 2023 liberalitatem
696 1942 762 2023 alii,
777 1943 837 2007 sed
855 1944 930 2027 ipsa
943 1943 1076 2006 tristitia
1091 1948 1126 2006 et

219 2049 392 2114 severitate
422 2047 607 2132 popularis3
636 2047 732 2131 cujus
762 2048 897 2130 quidem
927 2047 993 2132 legi
1021 2048 1126 2111 tabel-

218 2152 320 2220 lariae
337 2152 384 2218 M
402 2153 525 2217 Antius
537 2152 633 2217 Briso
648 2154 801 2217 tribunus
816 2154 920 2238 plebis
931 2154 990 2217 diu
1004 2154 1127 2218 restitit

222 2256 269 2323 Μ.
286 2256 415 2341 Lepido
429 2257 564 2324 consule
586 2257 784 2342 adjuvante;
801 2278 907 2342 eaque
919 2279 971 2322 res
988 2259 1023 2323 P.
1043 2257 1128 2323 Afri·
1261 2261 1262 2272 ¹

221 2382 306 2430 sano
325 2362 559 2447 vituperationi
579 2360 653 2442 suit,
667 2362 758 2445 quod
780 2364 851 2449 ejus
867 2364 1063 2428 anctoritate
1084 2363 1127 2427 ds
1261 2393 1262 2396 ¹

221 2467 387 2536 sententia
408 2467 571 2532 deductus
594 2466 690 2531 Briso
712 2470 900 2553 putabatur.
947 2469 1037 2532 Tum
1058 2468 1127 2533 dno

226 2571 415 2657 Caepiones
427 2572 569 2637 multum
580 2571 717 2637 clientes
728 2573 865 2637 consilio
878 2579 912 2636 et
924 2572 1040 2660 lingua
1052 2573 1128 2658 plns

223 2679 420 2750 anctoritate
441 2684 556 2767 tamen
577 2684 611 2743 et
629 2679 737 2764 gratia
751 2679 976 2743 sublevabant
1022 2679 1129 2743 Sedes

225 2783 379 2867 Pompeii
390 2789 468 2846 sunt
482 2783 601 2867 scripta
617 2804 679 2847 nec
689 2783 790 2848 nimis
801 2789 979 2848 extenuata
996 2784 1129 2869 (qnam-

223 2909 327 2973 quam
349 2893 495 2953 veterum
520 2888 722 2975 estsimilis)
749 2895 783 2953 et
803 2889 902 2974 plena
926 2889 1128 2974 prudentiae.

226 2993 357 3061 XXVI.
401 2992 453 3057 98.
477 2993 513 3058 Ρ.
532 2992 691 3057 Crassum
705 2994 802 3058 valde
824 2996 1001 3079 probatum
1022 3000 1131 3057 orato·

225 3120 294 3164 rem
308 3099 428 3164 iisdem
443 3098 508 3163 lere
522 3100 727 3184 temporibus
750 3100 947 3185 accepimus,
967 3100 1025 3182 qni
1039 3100 1131 3184 inge·

227 3205 284 3270 nio
308 3204 413 3269 valuit
438 3210 473 3268 et
497 3205 618 3286 studio,
643 3212 678 3269 et
701 3204 819 3269 habuit
838 3204 1003 3288 quasdam
1027 3205 1131 3268 etiam

259 3453 273 3479 “
288 3455 356 3505 Edit.
367 3455 462 3504 Princ:
472 3455 547 3504 ctiam.

256 3535 283 3561 ⁴²*
299 3536 404 3601 Madvig
413 3552 531 3602 proposes
542 3544 568 3588 to
578 3538 637 3589 read
653 3536 709 3588 sec.
720 3539 759 3590 for
769 3538 824 3591 Sed.
