2542 4117
215 251 258 316 10
435 277 439 304 r
490 272 624 317 saurus.
668 273 739 315 car.
762 273 835 316 vur.

219 423 437 508 Quamquam
461 425 575 510 opinio
597 431 648 489 est
663 431 799 504 etcum,
814 425 872 508 qui
888 423 1004 489 multis
1028 425 1132 488 annis
1239 403 1243 442 ²

214 536 292 593 ante
320 530 380 593 hos
403 528 509 610 fuerit,
535 530 745 594 Pisistratum
771 536 805 593 et
828 529 939 614 paullo
960 531 1132 593 seniorem
1215 573 1217 576 -

214 635 316 699 etiam
346 635 505 700 Solonem
532 641 714 721 posteaque
744 635 946 699 Clisthenem
977 636 1132 699 multum

213 747 253 805 ut
277 743 481 827 temporibus
510 741 574 804 illia
598 740 741 804 valuisse
770 741 919 805 dicendo.
962 740 1015 804 28.
1044 740 1134 804 Post

214 846 300 911 hanc
316 853 461 911 aetatem
478 846 605 930 aliquot
627 847 735 921 anuis,
751 852 789 910 ut
805 868 845 909 ex
864 846 983 911 Atticis
1007 867 1133 909 monu-

214 953 336 1016 mentis
359 958 469 1037 potest
493 952 640 1037 perspici,
665 950 905 1016 Themistocles
927 949 999 1030 suit,
1023 971 1132 1032 quem

214 1063 347 1121 constat
374 1078 453 1120 cum
486 1055 664 1142 prudentia
693 1062 768 1119 tum
798 1056 901 1119 etiarn
932 1054 1131 1138 eloquentia

214 1163 434 1252 praestitisse3
451 1167 526 1250 post
543 1161 695 1241 Pericles,
710 1162 777 1243 qui,
792 1181 870 1223 cum
886 1159 1014 1224 floreret
1030 1160 1131 1223 omni

215 1253 507 1351 genere⁹*virtuti‘s',‘
532 1268 594 1330 hac
622 1272 740 1330 tamen
769 1266 833 1329 fuit
857 1264 956 1329 laude
987 1265 1130 1328 clarissi-

215 1391 301 1434 mus.
349 1370 508 1434 Cleonem
531 1372 634 1435 etiam
656 1371 859 1455 temporibus
874 1370 938 1433 illis
958 1370 1131 1433 turbulen-

214 1480 289 1539 tum
304 1475 398 1539 illurn
413 1476 548 1558 quidem
564 1477 672 1540 civem
694 1476 753 1539 sed
774 1482 890 1540 tamen
911 1474 1129 1557 eloquentem

214 1589 348 1646 constat
369 1580 480 1646 fuisse.
524 1583 576 1646 29.
601 1582 691 1647 Huic
713 1583 831 1666 aetati*
847 1602 1005 1674 supparffi
1038 1582 1129 1645 Alci·

214 1688 331 1751 biades
358 1688 479 1752 Critias
505 1688 747 1752 Theramenes:
770 1689 892 1771 quibus
917 1688 1127 1771 temporibus

215 1795 305 1878 quod
327 1795 458 1859 dicendi
481 1816 586 1881 genus
608 1795 758 1880 viguerit,
779 1816 820 1856 ex
837 1792 1027 1878 Thucydidi
1049 1793 1127 1856 scri·

216 1901 291 1986 ptis,
311 1902 369 1985 qui
394 1901 466 1985 ipse
486 1906 561 1963 tum
584 1898 657 1977 suit,
671 1899 811 1984 intelligi
838 1898 984 1960 maxime
1005 1903 1126 1982 potest.

218 2005 370 2069 Grandes
393 2009 487 2067 erant
509 2004 616 2066 verbis
639 2004 741 2067 crebri
768 2003 941 2067 sententiis
962 2022 1127 2086 compres-

215 2110 308 2174 sione
329 2129 436 2172 remm
460 2110 572 2171 breves
588 2113 623 2172 et
638 2110 681 2171 ob
696 2130 771 2172 eam
787 2109 896 2193 ipsam
912 2128 1052 2172 causam
1075 2108 1127 2171 in·

213 2213 343 2277 terdum
360 2213 562 2276 subobscuri.

259 2317 357 2382 VIII.
401 2316 453 2380 30.
479 2316 546 2381 Sed
574 2323 613 2381 ut
643 2317 847 2382 intellectum
877 2322 936 2395 est,
960 2321 1126 2399 quantam

214 2424 284 2486 vim
315 2423 449 2488 haberet
478 2429 633 2487 accurata
663 2429 697 2486 ct
726 2422 815 2486 iacta
844 2422 991 2506 quodam
1022 2422 1126 2486 modo

215 2528 331 2607 oratic,
345 2534 419 2591 turn
440 2530 543 2592 etiam
566 2529 718 2613 magistri
737 2527 869 2591 dicendi
891 2527 989 2592 multi
1012 2529 1125 2591 subito

215 2634 419 2697 exstiterunt.
466 2635 555 2697 Tum
588 2634 775 2697 Leontinus
809 2632 950 2717 Gorgias
981 2632 1126 2717 Thrasy·

215 2737 354 2800 machus
373 2737 616 2802 Chalcedonius
642 2738 837 2823 Protagoras
856 2737 1028 2801 Abderites
1049 2737 1126 2800 Pro·

215 2841 309 2906 dicus
328 2842 417 2906 Ceus
437 2842 580 2927 Hippias
597 2842 748 2905 Eleusin
766 2843 887 2905 honore
903 2863 1027 2928 magno
1042 2841 1125 2923 fuit3

215 2948 337 3030 aliique
354 2947 448 3011 multi
463 2949 667 3032 temporibus
680 2947 804 3010 eisdem
818 2948 932 3011 docere
945 2970 980 3011 se
996 2946 1125 3031 profite-

215 3055 335 3117 bantur
359 3055 589 3139 arrogantibus
612 3074 692 3116 sane
708 3054 822 3131 verbis,
838 3052 1124 3134 quemadmodum

214 3179 320 3221 causa
348 3157 478 3222 inferior
512 3159 574 3243 (ita
603 3158 694 3221 enim
721 3158 955 3243 loquebantur)
983 3157 1123 3220 dicendo

214 3259 285 3324 fieri
300 3264 447 3346 superior
462 3270 582 3348 posset.
620 3263 671 3326 31.
696 3264 740 3327 lis
753 3264 910 3348 opposuit
921 3284 992 3326 sese
1008 3262 1124 3325 Socra·

214 3372 275 3441 tes,
301 3368 358 3449 qui
382 3367 567 3430 subtilitate
591 3369 739 3452 quadam
763 3368 956 3453 disputandi
979 3367 1123 3431 refellere

215 3492 329 3535 corum
344 3472 499 3537 instituta
514 3472 644 3536 solebat
669 3474 810 3561 [verbis].
849 3474 960 3558 Hujus
976 3496 1016 3537 ex
1031 3476 1123 3537 uber·
1242 3481 1249 3542 i
