2542 4117
410 344 547 389 saurus.
591 344 663 387 oar.
685 342 783 387 nrm.
1008 317 1054 386 77

133 501 230 568 labor
243 499 353 564 multo
364 498 470 583 major
481 504 532 562 est
543 504 650 562 totam
660 517 798 560 causam
810 517 912 579 quam
926 503 1052 582 partem

135 608 256 684 dicere,
282 611 317 669 et
342 604 422 687 quia
448 602 556 688 plures
582 603 740 665 ineuntur
766 602 904 687 gratiae,
931 603 959 666 si
983 623 1052 666 uno

135 718 289 795 ternpore
312 708 405 772 dicas
425 728 484 792 pro
507 706 664 792 pluribus,
680 705 801 770 idcirco
818 707 902 770 banc
917 728 1054 771 consue·

135 816 292 884 tudinem
309 814 459 878 lubenter
474 812 687 875 adscivimus.

184 919 318 984 LVIII.
363 917 436 981 210.
459 916 568 980 Erant
597 922 722 993 tamen,
744 917 866 999 quibus
891 914 1055 980 videretur

137 1025 229 1092 illius
253 1024 375 1088 aetatis
397 1023 513 1086 tertius
538 1021 649 1100 Curio,
676 1022 756 1104 quia
780 1020 1055 1106 splendidioribus

139 1130 279 1195 sortasse
302 1129 409 1192 verbis
431 1129 595 1205 utebatur,
614 1128 744 1209 etquis
761 1127 883 1190 Latine
899 1147 965 1190 non
983 1146 1056 1211 pes·

140 1237 226 1300 sime
248 1235 457 1317 loquebatur,
481 1253 556 1310 usu,
581 1231 688 1311 credo,
710 1231 822 1315 aliquo
853 1231 1056 1311 domesti003

141 1362 223 1405 nam
256 1340 424 1403 literarum
459 1335 644 1401 admodum
682 1336 763 1400 nihil
796 1337 930 1400 sciebat
987 1334 1056 1400 Sed

140 1446 261 1530 magni
291 1444 437 1520 interest,
468 1462 553 1525 quos
584 1442 726 1523 quisque
759 1441 876 1505 audiat
906 1440 1056 1525 quotidie

142 1550 246 1629 domi,
262 1550 461 1631 quibusoam
484 1547 641 1629 loquatur
663 1568 684 1609 a
707 1567 818 1630 puero,
840 1546 1057 1629 quemadmo-

142 1655 225 1720 dum
251 1661 361 1740 patres
383 1650 573 1737 paedagogi
597 1657 719 1714 matres
742 1652 845 1714 etiam
868 1652 1057 1734 loquantur.

143 1759 217 1824 211.
243 1759 405 1844 Legimus
427 1754 586 1841 epistolas
615 1754 788 1819 Corneliae
815 1757 929 1820 matris
956 1756 1059 1820 Grac·
1098 1767 1102 1776 “

143 1866 301 1930 chorum:
324 1868 463 1947 apparet
482 1859 569 1924 filios
594 1865 749 1923 nontam
773 1860 807 1923 in
830 1861 956 1944 gremio
979 1859 1059 1924 edu·

145 1977 238 2035 catos
269 1975 372 2052 quam
402 1967 437 2031 in
468 1985 618 2029 sermone
648 1965 773 2028 matris.
831 1964 978 2028 Auditus
1007 1970 1060 2031 est

145 2078 242 2141 nobis
271 2073 407 2138 laeliae
436 2072 474 2135 C.
506 2070 545 2135 F.
576 2092 676 2156 saepe
703 2090 829 2134 sermot
859 2091 937 2156 ergo
966 2071 1060 2135 illam

146 2182 248 2267 patris
279 2177 447 2264 elegantia
472 2177 616 2240 tinctam
640 2175 786 2239 vidimus
813 2181 848 2239 et
873 2173 961 2239 filias
986 2176 1059 2260 ejus

147 2287 282 2352 Mucias
307 2285 433 2361 ambas,
454 2302 596 2365 quarum
621 2301 729 2344 sermo
753 2281 837 2344 mihi
861 2279 1059 2362 luitnotus,

145 2399 181 2456 et
210 2395 327 2474 neptes
359 2388 519 2466 liciniae,
549 2407 633 2468 quas
668 2406 729 2450 nos
762 2386 898 2467 quidem
931 2389 1060 2468 ambas,

145 2497 237 2562 hanc
258 2515 335 2557 vero
359 2492 528 2577 Scipionis
550 2491 654 2553 etiam
676 2496 725 2566 tu,
741 2490 852 2570 Brute,
873 2491 980 2569 credo,
1003 2492 1061 2555 ali-

146 2601 284 2685 quando
307 2597 432 2662 audisti
452 2597 654 2679 loquentem.
700 2594 776 2678 Ego
792 2615 867 2658 vero
885 2616 926 2659 ac
947 2596 1062 2660 luben·

146 2714 197 2772 ter
219 2705 363 2789 quidem,
378 2702 488 2785 inquit
511 2702 652 2779 Brutus;
674 2707 708 2763 et
723 2720 763 2763 eo
778 2699 955 2780 lubentius,
970 2701 1060 2785 quod

150 2812 190 2878 1.
206 2809 319 2875 Crassi
331 2814 401 2872 erat
412 2806 489 2871 filia.
522 2805 596 2869 212.
623 2804 716 2882 Quid
732 2805 901 2885 Crassum,
914 2807 1062 2890 inquam,

147 2918 244 2983 illum
267 2935 391 2994 censes,
407 2912 504 2977 istius
521 2910 670 2974 Liciniae
694 2908 810 2990 filium,
829 2912 941 2975 Crassi
962 2918 1062 2976 testa·

148 3027 265 3088 mento
280 3021 339 3104 qui
353 3020 418 3084 fuit
438 3015 641 3102 adoptatus?
688 3015 831 3079 Summo
847 3017 910 3079 iste
925 3016 1062 3099 quidem

148 3129 271 3194 dicitur
285 3125 420 3212 ingenio
440 3123 553 3201 fuisse,
568 3121 688 3203 inquit
726 3120 772 3184 Et
785 3140 862 3183 vero
878 3120 930 3184 bic
948 3119 1062 3205 Scipio

148 3233 279 3318 collega
300 3251 397 3295 meus
419 3227 502 3292 mibi
517 3247 598 3290 sane
615 3226 698 3287 bene
716 3230 750 3288 et
770 3225 863 3307 loqui
884 3224 1014 3288 videtur
1028 3231 1063 3292 et

149 3339 269 3404 dicere.
314 3335 427 3412 Recte,
448 3334 600 3415 inquam,
610 3329 751 3415 judicas,
768 3330 880 3394 Brute.
926 3329 1063 3397 Etenim

148 3444 250 3509 istius
275 3460 381 3527 genus
403 3443 455 3501 est
478 3457 519 3499 ex
545 3434 653 3519 ipsius
677 3434 862 3519 sapientiae
886 3436 986 3520 stirpe
1008 3458 1064 3523 ge·

151 3553 317 3614 neretum.
360 3542 454 3610 Nam
476 3547 510 3605 et
531 3540 574 3604 de
588 3540 721 3604 duobus
740 3541 811 3604 avis
827 3541 899 3626 jam
919 3540 1065 3616 diximus
