2542 4117
391 342 527 386 saurus.
571 343 642 386 car.
666 343 791 387 uxxxv.
989 323 1053 389 113

138 495 254 582 posita
283 494 432 559 oratione
462 495 629 580 digressio.
689 497 778 560 Tum
812 494 953 577 Atticus,
986 498 1054 562 Ali·

137 602 274 684 quoties
308 621 393 680 sum,
422 601 541 683 inquit,
575 606 725 680 conatus,
759 600 818 665 sed
848 602 1051 688 interpellare

137 705 243 769 nolui.
290 705 400 782 Nunc,
415 705 573 787 quoniam
598 704 642 768 ad
662 706 881 790 perorandum
904 712 1051 791 spectare

137 811 272 874 ridetur
292 831 399 874 sermo
423 815 511 889 tuus,
533 810 654 887 dicam,
674 811 799 895 opinor,
821 811 911 894 quod
935 813 1051 875 sentio.

141 916 198 981 Tu
220 937 305 995 vero,
325 916 473 997 inquam,
495 915 580 978 Tite.
627 914 716 980 'I'um
738 915 801 995 ille,
827 916 912 1001 Ego,
935 917 1052 999 inquit,

137 1021 282 1084 ironiam
309 1019 410 1094 illam,
437 1040 539 1102 quam
566 1020 600 1082 in
631 1019 769 1084 Socrate
796 1020 912 1084 dicunt
939 1019 1052 1101 fuisse,

139 1146 209 1208 qua
231 1124 286 1188 ille
300 1126 335 1187 in
353 1123 501 1187 Platonis
524 1129 558 1187 et
582 1123 812 1209 Xenophontis
834 1132 869 1189 et
894 1125 1051 1190 Aeschini

136 1230 230 1293 libris
245 1231 357 1308 utitur,
369 1227 512 1292 facetam
525 1234 559 1291 et
573 1228 759 1314 elegantem
776 1236 876 1314 puto:
892 1237 945 1294 est
960 1232 1051 1295 enirn

139 1340 176 1398 et
189 1335 329 1397 miuime
340 1334 445 1419 inepti
461 1334 605 1396 hominis
618 1340 653 1397 et
664 1334 813 1418 ejusdem
825 1336 928 1399 etiam
941 1336 1051 1416 faceti,

139 1460 220 1503 curn
245 1439 286 1502 de
311 1439 474 1523 sapientia
500 1437 709 1523 disceptetur,
734 1440 819 1503 hanc
847 1442 910 1503 sibi
939 1442 1052 1525 ipsum

139 1544 310 1608 detrahere
333 1544 381 1606 eis
408 1544 547 1606 tribuere
573 1542 777 1622 illudentem,
801 1546 859 1627 qui
885 1566 961 1609 eam
989 1546 1052 1609 sibi

139 1656 313 1736 arrogant,
334 1655 374 1712 ut
393 1648 484 1733 apud
509 1648 683 1712 Platonem
702 1648 855 1712 Socrates
870 1650 904 1713 in
920 1650 1052 1714 coelum

140 1754 232 1819 effert
258 1754 414 1818 laudibus
443 1753 659 1837 Protagoram
685 1753 847 1838 Hippiam
877 1754 1053 1818 Prodicum

143 1861 306 1945 Gorgiam
331 1864 465 1936 ceteros,
491 1879 526 1921 se
553 1864 666 1921 autem
691 1858 844 1920 omnium
869 1879 977 1921 rerum
1004 1860 1053 1921 in·

140 1966 248 2029 scium
274 1963 370 2049 fingit
393 1968 427 2026 et
449 1962 575 2026 rudem.
620 1962 726 2028 Decet
747 1963 810 2027 hoe
836 1964 948 2026 nescio
972 1984 1053 2046 quo·

140 2069 243 2134 modo
273 2068 377 2142 illurn,
407 2089 469 2132 nec
500 2067 655 2152 Epicuro,
685 2067 745 2150 qui
772 2066 808 2131 id
837 2067 1052 2152 reprehendit,

141 2174 312 2237 assentior.
359 2172 427 2236 Sed
452 2174 487 2235 in
512 2173 657 2252 historia,
683 2193 751 2254 qua
777 2179 816 2235 tu
842 2194 877 2235 es
903 2193 985 2236 usus
1016 2173 1051 2236 in

141 2278 235 2342 omni
251 2298 410 2356 sermone,
423 2298 510 2355 cum,
523 2276 632 2360 qualis
647 2278 788 2359 quisque
804 2283 912 2341 orator
926 2276 1053 2359 fuisset,

140 2403 330 2467 exponeres,
354 2382 438 2461 vide,
464 2402 599 2464 quaeso,
629 2382 747 2463 inquit,
777 2403 819 2445 ne
849 2389 919 2446 tam
950 2405 1053 2468 repre·

140 2486 318 2553 hendenda
338 2487 382 2550 sit
400 2487 506 2549 ironia
522 2507 624 2569 quarn
642 2487 677 2549 in
698 2487 898 2550 testimonio.
946 2487 1053 2566 Quor·

140 2592 223 2671 sus,l
245 2592 395 2675 inquam,
424 2589 533 2653 istuc?
558 2611 623 2653 non
659 2591 748 2652 enim
775 2589 934 2675 intelligo.
979 2592 1052 2655 293.

145 2696 237 2776 Quia
254 2697 408 2781 primum,
419 2695 537 2777 inquit,
549 2694 596 2757 ita
610 2693 790 2757 laudavisti
805 2693 969 2777 quosdam
984 2715 1054 2758 ora·

140 2808 240 2881 tores,
267 2806 306 2864 ut
328 2801 497 2885 imperitos
524 2819 638 2883 posses
662 2799 697 2861 in
725 2819 863 2862 errorem
889 2798 1053 2863 inducere.

141 2906 312 2990 Equidem
330 2906 365 2968 in
388 2904 590 2987 quibusdam
604 2904 708 2966 risum
724 2904 778 2965 vix
793 2906 958 2983 tenebam,
973 2924 1052 2967 eum

143 3012 258 3075 Attico
292 3010 415 3095 Lysiae
449 3008 613 3072 Catonem
645 3013 794 3071 nostrum
826 3009 1052 3092 comparabas,

140 3136 314 3202 magnum,
338 3112 531 3192 mehercule,
553 3113 724 3176 hominem
747 3111 799 3174 vel
826 3113 937 3196 potius
964 3133 1053 3175 sum·

139 3242 238 3285 mum
264 3225 299 3282 et
325 3217 525 3304 singularem
547 3217 673 3296 virum;
700 3236 799 3279 nemo
826 3215 914 3280 dicet
939 3236 1052 3298 secus,

172 3481 186 3506 ⁴*
204 3480 283 3532 Some
299 3479 465 3545 manuscripts
482 3478 533 3527 and
549 3476 597 3527 Ed.
616 3476 718 3535 Prine.;
734 3476 806 3527 other
820 3476 985 3542 manuscripts
1004 3476 1054 3527 aad

141 3562 239 3627 Meyer,
253 3559 374 3619 ermrum.
493 3638 514 3704 8
