2542 4117
209 292 253 360 36
466 312 599 357 armus.
643 312 714 356 cer.
736 302 845 356 xxvii.

211 464 411 532 auctoritate
427 463 464 529 P.
481 463 629 530 Africani
650 471 765 552 gestus
780 486 846 529 non
865 466 1023 529 obscurus
1045 464 1122 530 fnit.

211 570 285 637 101.
310 570 401 634 Alter
415 576 530 635 autem
549 571 585 635 C.
603 569 765 650 Fannius,
778 570 825 634 m
840 568 936 650 filius,
955 570 993 634 C.
1012 570 1123 634 Laelii

211 695 321 762 gener,
335 681 370 739 et
392 675 538 739 moribus
556 681 591 739 et
611 675 686 759 ipso
707 694 825 760 genere
847 674 978 738 dicendi
1000 674 1122 737 durior.

212 781 246 847 Ie
266 780 370 846 soceri
390 767 544 844 instituto
565 779 690 866 (quem,
704 779 785 862 quia
806 784 981 863 cooptatus
1003 779 1039 842 in
1063 786 1138 843 au·'

211 907 331 972 gutum
347 885 523 970 collegium
541 904 609 948 non
624 890 703 963 erat,
718 904 786 948 non
800 883 983 947 admodum
1005 882 1123 969 dilige·

210 993 279 1070 bat,
294 991 486 1076 praesertim
508 1009 585 1053 cum
607 988 663 1053 ille
689 987 732 1066 Q.
754 987 949 1053 Scaevolam
973 989 1036 1052 sibi
1058 989 1123 1052 mi·

210 1116 326 1162 norem
355 1099 439 1159 natu
468 1114 626 1179 generum
659 1092 885 1178 praetulisset:
915 1093 970 1157 cui
1001 1099 1121 1156 tamen

214 1200 350 1265 Laelius
373 1220 409 1264 se
430 1220 591 1263 excusans
606 1220 673 1263 non
695 1219 814 1284 genero
837 1199 956 1262 minori
977 1198 1060 1262 dixit
1083 1219 1121 1261 se

210 1305 294 1370 illud
309 1304 368 1370 sed
382 1305 498 1389 majori
512 1302 600 1368 filiae
612 1303 782 1391 detulisse)
795 1305 825 1367 is
836 1309 949 1367 tamen
965 1304 1120 1368 instituto

214 1408 320 1474 Laelii
344 1409 545 1473 Panaetium
568 1409 748 1473 audiverat
792 1409 876 1494 Ejus
898 1409 1006 1472 omnis
1021 1410 1055 1472 in
1071 1409 1121 1473 di·

211 1513 318 1580 cendo
329 1513 476 1578 dacultas
492 1535 532 1577 ex
547 1514 683 1578 historia
703 1513 809 1599 ipsius
831 1513 1121 1604 nonlineleganter

212 1620 333 1704 scripta
355 1620 495 1704 perspici
516 1625 635 1703 potest,
650 1640 737 1702 quae
760 1639 866 1703 neque
882 1619 981 1683 nimis
999 1625 1051 1682 est
1071 1621 1121 1684 in·

213 1724 288 1788 fans
308 1745 416 1808 neque
430 1724 573 1809 perfecte
587 1724 718 1788 diserta.
761 1724 833 1787 102.
856 1723 988 1788 Mucius
1003 1731 1119 1790 autern

213 1847 330 1915 augin,
344 1828 436 1913 quod
455 1850 513 1913 pro
532 1850 567 1893 se
585 1850 670 1914 opus
687 1835 765 1908 erat,
782 1829 854 1914 ipse
869 1828 1008 1908 dicebat,
1022 1835 1063 1892 ut
1077 1829 1119 1893 de

212 1936 363 2021 pecuniis
376 1934 566 2019 repetundis
581 1941 696 1999 contra
712 1935 751 1998 Τ.
769 1934 956 1998 Albucium.
1002 1934 1034 1998 Is
1049 1956 1119 1999 ora·

212 2045 323 2105 torum
348 2039 384 2102 in
410 2059 548 2103 numero
574 2060 642 2103 non
667 2040 748 2121 fuit;
767 2040 848 2125 juris
874 2039 977 2103 civilis
1002 2039 1118 2104 intelli·

213 2144 327 2228 gentis
348 2148 448 2226 atque
470 2143 563 2207 omni
588 2143 783 2228 prudentiae
805 2164 923 2231 genere
949 2146 1119 2229 praestitit

215 2247 254 2312 L
288 2246 421 2311 Coelius
452 2248 628 2333 Antipater
660 2250 804 2334 scriptor,
834 2249 1118 2333 quemadmodum

212 2352 342 2432 videtis,
364 2349 428 2416 fuit
449 2359 488 2417 ut
508 2354 713 2439 temporibus
732 2354 796 2417 illis
818 2353 1018 2440 luculentus,
1037 2355 1119 2439 juris

182 2533 184 2540 s
212 2456 309 2521 valde
339 2457 472 2542 peritus,
501 2457 683 2523 multorum
714 2460 826 2540 etiam,
856 2464 895 2524 ut
927 2447 1119 2540 [Crassi

184 2569 187 2576 ’
212 2562 379 2647 magister.

259 2665 405 2731 XXVIL
450 2664 522 2731 103.
548 2666 687 2732 Utinam
711 2668 746 2733 in
772 2667 823 2733 Ti.
846 2668 996 2733 Graccho
1022 2668 1119 2733 Caio·

212 2790 278 2852 que
304 2770 455 2833 Carbone
476 2770 552 2835 talis
572 2793 668 2837 mens
691 2773 823 2838 adrem
845 2773 1015 2859 publicam¹
1034 2776 1120 2838 bene

213 2874 392 2960 gerendam
407 2874 534 2955 fuisset
548 2876 647 2959 quale
661 2879 834 2963 ingenium
849 2878 893 2942 ad
907 2881 990 2942 bene
1010 2878 1120 2942 dicen·

213 2979 296 3058 dum
318 2977 398 3045 fuiti
422 2980 569 3064 profecto
584 3002 684 3046 nemo
699 2983 751 3046 his
766 2984 842 3048 viris
860 2983 963 3069 gloria
984 2984 1121 3068 praesti·

212 3085 316 3149 tisset
356 3085 424 3151 Sed
435 3107 549 3150 eorum
561 3086 641 3150 alter
656 3093 785 3173 propter
798 3088 1120 3153 turbulentissimum

211 3188 430 3270 tribunatum,
445 3190 488 3254 ad
503 3213 603 3275 quem
619 3212 659 3255 ex
673 3192 799 3257 invidia
814 3191 952 3257 foederis
968 3193 1120 3256 Numan·

74 3289 78 3308 ¹
111 3283 115 3308 ¹
211 3292 275 3356 tini
290 3294 385 3357 bonis
400 3295 505 3358 iratus
521 3303 713 3377 accesserat,
728 3299 771 3361 ab
785 3298 858 3382 ipsa
872 3319 906 3361 re
920 3297 1053 3383 publiea
1068 3303 1121 3361 est

211 3394 418 3462 interiectus:
441 3398 522 3461 alter
543 3407 674 3486 propter
695 3409 889 3487 perpetuam
910 3403 946 3467 in
968 3402 1120 3488 populari

211 3499 339 3565 ratione
353 3501 523 3568 levitatem
539 3511 645 3570 morte
659 3505 845 3573 voluntaria
858 3529 894 3573 se
908 3529 930 3573 a
945 3508 1119 3573 severitate
