2542 4117
208 321 230 386 2
503 341 638 385 usurus.
683 342 753 385 cre.
776 341 811 383 11.

209 495 302 578 rique
328 495 502 580 putabant,
526 493 751 559 adversarium
776 498 836 558 aut
865 495 1118 558 obtrectatorem

210 597 351 662 laudum
368 619 516 662 mearum
532 579 590 662 sed
606 600 734 663 socium
750 600 861 684 potius
876 606 910 662 et
931 605 1119 662 consortem

211 702 345 788 gloriosi
364 702 484 766 laboris
508 704 696 767 amiseram.
739 703 769 766 3.
793 703 930 766 Etenim
947 704 975 766 si
990 704 1024 766 in
1040 702 1119 765 levi·
1169 753 1172 760 .
1266 715 1267 758 1

211 831 306 874 orum
323 811 442 873 artium
460 810 571 874 studio
594 811 773 873 memoriae
788 811 956 896 proditum
972 816 1022 873 est
1042 813 1119 895 poe·

212 921 264 978 tas
280 915 406 978 nobiles
426 920 600 1000 poetarum
617 915 810 999 aequalium
831 922 937 979 morte
958 915 1116 995 doluisse,

211 1040 279 1102 quo
305 1019 441 1084 tandem
468 1020 584 1083 animo
610 1020 681 1104 ejus
707 1021 877 1084 interitum
903 1021 984 1088 ferre
1008 1020 1119 1100 debui,

211 1145 289 1187 cum
316 1145 383 1207 quo
410 1129 531 1188 certare
561 1130 631 1188 erat
657 1123 830 1210 gloriosius
854 1146 957 1208 quam
982 1127 1119 1216 omnino

212 1228 437 1292 adversarium
461 1249 527 1292 non
556 1228 698 1293 habere?
728 1250 805 1293 cum
836 1211 1025 1314 praesertim
1052 1213 1120 1294 non

212 1333 314 1396 modo
337 1354 510 1416 nunquam
527 1334 570 1397 sit
585 1340 645 1397 aut
666 1333 754 1398 illius
775 1356 796 1398 a
818 1355 872 1397 me
887 1356 1002 1398 cursus
1017 1336 1121 1419 impe·

213 1439 303 1503 ditus
326 1446 386 1502 aut
409 1441 452 1502 ab
476 1439 533 1503 illo
552 1460 656 1518 meus,
672 1438 730 1503 sed
752 1446 866 1504 contra
887 1461 1016 1525 semper
1039 1441 1122 1505 alter

138 1561 141 1570 ·
214 1546 257 1607 ab
280 1543 381 1606 altero
398 1544 534 1628 adjutus
549 1551 583 1607 et
598 1544 878 1636 pommunieando
900 1552 933 1608 et
953 1545 1121 1610 monendo

31 1667 34 1680 '
70 1719 72 1726 ,
115 1671 117 1682 ’
155 1651 187 1676 ’“
214 1654 248 1711 et
269 1646 423 1712 favendo.
466 1649 496 1713 4.
524 1648 592 1713 Sed
612 1650 772 1732 quoniam
793 1656 952 1735 perpetua
973 1650 1121 1733 quadam

134 1795 137 1804 ·
213 1752 371 1817 felicitate
393 1774 474 1817 usus
495 1754 550 1817 ille
572 1755 671 1818 cessit
686 1776 705 1818 e
719 1755 788 1817 vita
812 1775 873 1818 suo
889 1756 997 1840 magis
1019 1776 1122 1838 quarn

214 1879 351 1923 suorum
380 1859 504 1923 civium
534 1866 691 1944 tempore,
717 1864 751 1923 et
779 1866 854 1924 tum
884 1859 1015 1939 oceidit,
1044 1880 1122 1923 cum

214 1963 326 2049 lugere
348 1961 476 2028 facilius
497 1984 567 2028 rem
594 1964 762 2048 publicam
790 1970 910 2049 posset,
937 1965 966 2028 si
991 1965 1123 2044 viveret,

215 2088 318 2149 quarn
337 2068 461 2151 juvare,
483 2068 629 2158 vixitque
655 2074 726 2132 tam
752 2069 820 2150 diu,
842 2091 945 2152 quarn
971 2069 1064 2133 licuit
1087 2071 1123 2134 in

215 2172 351 2235 civitate
365 2172 449 2234 bene
464 2174 626 2255 beateque
641 2173 767 2249 vivere:
782 2180 894 2238 nostro
909 2174 1123 2258 incommodo

217 2275 489 2359 detrimentoque,
502 2277 533 2340 si
548 2283 599 2341 est
612 2278 662 2341 ita
680 2299 823 2359 necesse,
837 2279 1019 2360 doleamus,
1035 2280 1123 2346 illius

216 2401 293 2444 vero
317 2381 431 2444 mortis
454 2383 737 2466 opportunitatem
757 2384 989 2449 benevolentia
1011 2386 1123 2470 potius

218 2506 323 2568 quam
345 2485 568 2550 misericordia
590 2508 836 2572 prosequamur,
852 2495 899 2569 ut,
914 2491 1123 2573 quotiescun·

218 2610 283 2673 que
305 2589 347 2653 de
369 2589 551 2654 clarissimo
573 2599 607 2655 et
629 2594 822 2657 beatissimo
837 2595 906 2658 viro
927 2595 1124 2680 cogitemus,

217 2694 312 2759 illum
333 2695 568 2780 potiusquam
590 2704 723 2761 nosmet
744 2698 835 2783 ipsos
857 2699 992 2785 diligere
1013 2700 1124 2763 videa·

218 2819 301 2863 mur.
345 2798 375 2862 5.
399 2800 491 2864 Nam
514 2800 542 2863 si
563 2799 598 2864 id
620 2800 780 2883 dolemus,
794 2804 883 2894 quod
906 2826 947 2868 eo
965 2805 1037 2889 jam
1060 2805 1125 2868 frui

219 2903 315 2969 nobis
344 2925 412 2967 non
441 2904 526 2984 licet,
550 2911 701 2969 nostrum
731 2912 782 2971 est
809 2909 846 2971 id
871 2909 1008 2990 malum,
1033 2909 1125 2993 quod

217 3009 361 3097 modice,
371 3007 524 3089 seramus,
539 3031 581 3073 ne
602 3009 639 3075 id
661 3031 727 3075 non
744 3011 788 3076 ad
803 3015 987 3079 amicitiam
1003 3016 1062 3079 sed
1081 3015 1125 3079 ad

32 3209 35 3218 Ι
91 3191 95 3198 Ι
212 3113 438 3180 ἡἀοῐῐιεεεῒίοᾶιη
467 3113 647 3179 utilitatem
672 3114 786 3180 referre
817 3119 997 3184 videamur.
1054 3120 1125 3201 Sin,

203 3223 393 3302 ,tamquam
416 3218 465 3283 illi
494 3220 558 3305 ipsi
587 3222 773 3287 acerbitatis
803 3223 930 3307 aliquid
960 3226 1125 3306 acciderit,

212 3323 384 3407 angimur,
413 3344 580 3389 summam
614 3327 687 3410 ejus
716 3326 907 3393 felicitatem
941 3351 1009 3394 non
1043 3332 1125 3395 satis

219 3433 314 3515 grato
329 3428 445 3492 animo
459 3429 717 3515 interpretamur.

264 3532 307 3607 II.
351 3533 382 3599 6.
405 3533 541 3604 Etenim
556 3536 585 3600 si
599 3536 722 3601 viveret
739 3536 782 3616 Gt
796 3536 1003 3621 Hortensius,
1015 3545 1125 3605 cetera
