2542 4117
437 358 574 407 saurus.
619 364 690 407 oar.
711 364 741 407 ι..
1006 341 1050 408 67

131 520 174 579 ut
197 513 358 580 dooeatur
379 516 418 596 is,
444 515 535 602 apud
558 538 659 601 quem
683 517 819 597 dicetur,
843 523 883 582 ut
908 516 1048 583 delecte·

132 627 199 699 tur,
220 628 260 685 ut
282 628 458 686 moveatur
479 623 719 687 vehementius.
767 623 901 701 Quibus
924 624 1050 687 virtuti·

133 727 201 791 bus
215 728 355 791 oratoris
372 728 490 791 horum
506 727 655 811 quidque
670 726 840 807 efficiatur,
852 734 913 793 aut
926 728 1050 812 quibus

133 833 229 896 vitiis
244 839 354 895 orator
368 838 429 897 aut
450 853 517 896 non
540 838 738 916 assequatur
760 834 851 912 haee,
867 840 928 897 aut
945 834 1051 898 etiam

134 937 173 1001 in
198 937 251 999 his
274 937 405 1001 labatur
426 944 461 1000 et
480 937 590 1016 cadat,
606 938 723 1001 artifex
739 937 859 1021 aliquis
879 937 1052 1023 judicabit.

137 1039 316 1105 Efficiatur
334 1047 448 1104 autem
464 1043 507 1104 ab
523 1048 651 1105 oratore
674 1062 787 1122 neone,
802 1048 842 1107 ut
863 1043 898 1121 ii,
913 1043 972 1126 qui
993 1062 1053 1106 au·

134 1146 247 1225 diunt,
262 1147 311 1209 ita
326 1144 521 1225 afficiantur,
532 1152 571 1209 ut
584 1153 694 1210 orator
708 1145 796 1226 velit,
806 1147 900 1233 vulgi
914 1167 1054 1211 assensu

136 1256 174 1314 et
196 1250 350 1336 populari
373 1252 613 1336 approbatione
631 1251 774 1336 judicari
797 1251 889 1316 solet.
936 1251 1054 1335 Itaque

137 1378 316 1439 nunquam
339 1357 489 1421 debono
511 1365 639 1420 oratore
663 1364 724 1421 aut
748 1379 814 1421 non
837 1360 927 1422 bono
946 1357 1054 1421 doctis

138 1462 335 1526 hominibus
355 1483 432 1525 eum
448 1461 573 1546 populo
588 1462 753 1526 dissensio
771 1462 844 1526 fuit.
901 1462 940 1527 L.
979 1461 1053 1526 186.

142 1569 198 1632 An
215 1588 340 1647 censes,
351 1568 433 1630 dum
449 1567 496 1631 illi
511 1569 696 1653 viguerunt,
707 1589 792 1650 quos
803 1573 881 1631 ante
896 1568 975 1644 dixi,
987 1589 1055 1631 non

138 1672 279 1735 eosdem
290 1671 412 1757 gradm
421 1678 588 1736 oratorum
598 1672 691 1757 vulgi
699 1672 825 1756 judicio
834 1678 870 1736 et
880 1671 1055 1735 doctorum

138 1775 269 1841 fuisse?
315 1776 365 1840 De
381 1777 505 1862 populo
520 1778 547 1839 si
563 1797 665 1859 quern
680 1777 729 1839 ita
743 1777 946 1861 rogavisses:
976 1777 1057 1856 Quis

136 1890 191 1947 ert
210 1883 245 1946 in
259 1882 321 1946 hoe
336 1884 463 1946 eivdme
480 1881 783 1962 eloquentissimus?
804 1882 838 1944 in
859 1882 1008 1945 Antonio
1023 1891 1058 1944 et

145 1986 268 2051 Crasso
290 1992 351 2050 aut
372 1987 550 2066 dubitaret,
566 1992 627 2050 aut
648 1988 736 2050 huno
752 1986 838 2050 alius
858 1984 952 2049 illum
969 1985 1056 2049 alius

141 2092 275 2157 diceret.
322 2092 476 2157 Nemone
500 2091 703 2177 Philippum,
724 2098 795 2156 tarn
821 2112 961 2156 suavem
988 2112 1059 2155 ora·

141 2204 250 2262 torem
272 2204 344 2261 tam
366 2218 501 2284 gravem
521 2203 595 2260 tam
619 2198 777 2277 facetum,
800 2197 852 2261 his
875 2195 1059 2276 anteferret,

142 2324 245 2387 quem
269 2308 402 2367 nosmet
423 2303 497 2387 ipsi,
512 2304 568 2385 qui
593 2304 675 2365 haec
691 2309 760 2365 arte
776 2300 888 2386 aliqua
903 2301 1059 2365 volumus

142 2407 338 2493 expendere,
351 2408 537 2491 proximum
554 2407 618 2471 illis
630 2407 734 2471 fuisse
745 2405 915 2470 diximus?
949 2407 1059 2470 Nemo

142 2512 301 2599 profecto.
337 2512 376 2577 Id
387 2513 476 2576 enim
489 2513 602 2596 ipsum
614 2518 667 2575 est
681 2513 805 2575 summi
821 2512 957 2575 oratoris
970 2532 1060 2575 sum·

143 2639 241 2683 mum
254 2601 417 2681 oratorem
429 2617 554 2702 populo
565 2616 677 2680 videri.
713 2615 787 2680 187.
810 2616 924 2694 Quare
936 2617 1059 2679 tibioen

147 2724 370 2810 Antigenidas
385 2722 504 2788 dixerit
522 2722 686 2808 discipulo
702 2742 782 2786 sane
797 2720 929 2807 frigenti
945 2720 987 2785 ad
1003 2741 1060 2805 po·

144 2829 275 2916 pulum,
292 2828 378 2893 Mili
400 2848 478 2893 cone
501 2836 532 2893 et
556 2828 683 2893 Musis:
700 2848 764 2913 ego
789 2827 865 2890 huic
887 2827 993 2891 Bruto
1013 2825 1062 2890 di·

145 2936 245 3013 uenti,
260 2940 300 2998 ut
323 2933 416 3013 solet,
430 2933 522 3018 apud
543 2932 805 3011 multitudinem,
823 2930 910 2995 Mili
930 2952 1008 2996 cone
1030 2939 1062 2996 et

142 3042 271 3122 popule,
286 3041 332 3103 nsi
353 3037 464 3117 Brute,
487 3037 644 3118 dixerim3
662 3044 710 3116 ut,
730 3037 790 3120 qui
811 3035 958 3114 audient,
981 3034 1062 3117 quid

146 3143 321 3224 efficiatur,
336 3164 409 3228 ego,
424 3144 527 3207 etiam
543 3163 602 3206 our
623 3141 658 3205 id
680 3139 850 3219 efficiatur,
868 3138 1063 3224 intelligam.

149 3250 266 3315 Credit
277 3250 328 3328 iis,
339 3269 425 3332 quae
438 3248 601 3327 dicuntur,
612 3246 671 3329 qui
682 3246 779 3309 audit
789 3251 952 3308 oratorem
963 3263 971 3324 3
986 3265 1064 3308 vera

146 3359 248 3441 putat
270 3353 449 3418 assentitur
471 3354 608 3438 probat3
629 3350 731 3415 fidem
747 3349 828 3414 facit
843 3350 967 3413 oratio:
990 3347 1063 3413 188.

145 3468 196 3541 tu,
209 3458 336 3538 artifex,
347 3457 427 3541 quid
444 3458 578 3541 quaeris
593 3455 763 3542 amplius?
799 3454 993 3519 Delectatur
1007 3475 1066 3519 au·

147 3566 246 3632 diens
261 3562 454 3645 multitudo,
469 3570 504 3627 et
525 3562 658 3628 ducitur
672 3562 832 3639 oratione,
847 3567 881 3625 et
895 3560 994 3644 quasi
1011 3582 1072 3625 vo·
