2542 4117
439 381 576 430 annuus.
619 384 690 428 err.
713 384 805 430 ιω.
1034 363 1078 431 85

160 534 206 597 sii
230 539 266 598 et
292 532 432 619 Sulpicii
448 557 511 602 nec
525 536 685 621 majorem
708 538 867 622 consequi
888 545 1027 624 poterat,
1043 547 1078 606 et

162 639 285 702 minori
310 660 445 703 necesse
461 647 531 704 erat
552 641 676 705 cedere.
722 642 833 728 Hujus
848 646 958 708 omnis
976 644 1080 710 facul·

161 748 220 807 tas
236 765 276 805 ex
300 744 435 808 historia
449 745 555 830 ipsius
579 747 718 831 perspici
742 753 869 832 potest;
892 771 977 832 quae
1000 770 1078 814 cum

162 848 264 913 facile
288 870 406 912 omnes
430 850 542 914 vincat
564 853 756 937 superiores,
778 859 852 917 tum
879 853 1005 918 indicat
1028 861 1078 920 ta·

163 974 255 1034 men,
271 960 436 1036 quantum
458 956 546 1019 absit
571 977 593 1020 a
616 978 758 1036 summo,
780 978 949 1041 quamque
972 980 1078 1044 genus

164 1061 231 1125 hoe
258 1059 444 1146 scriptionis
470 1061 621 1127 nondum
645 1065 688 1128 sit
713 1066 794 1129 satis
821 1065 951 1132 Latinis
977 1065 1078 1130 literis

163 1166 378 1256 illustratum.
419 1167 508 1233 Nam
525 1168 568 1245 Q.
583 1168 754 1233 Hortensii
770 1170 953 1235 admodum
970 1171 1078 1236 adole·
1175 1215 1179 1220 -

165 1250 291 1335 edentis
313 1273 487 1357 ingenium
508 1278 549 1336 ut
574 1273 713 1338 Phidiae
736 1275 870 1360 signum
897 1275 994 1340 simul
1022 1275 1078 1339 ad·

165 1382 320 1461 spectum
336 1383 370 1440 et
385 1379 561 1462 probatum
585 1384 645 1443 est.
689 1379 762 1443 229.
787 1380 819 1444 Is
837 1380 875 1444 L
894 1381 1015 1445 Crasso
1034 1379 1078 1458 Q.

168 1480 334 1545 Scaevola
345 1482 536 1547 consulibus
553 1483 697 1568 primum
708 1484 744 1548 in
759 1483 828 1549 soro
840 1485 924 1550 dixit
938 1492 972 1549 et
986 1485 1078 1571 apud

166 1586 228 1650 hos
252 1587 343 1671 ipsos
369 1587 505 1670 quidem
528 1588 690 1668 consules,
714 1596 849 1654 etcum
874 1611 998 1670 eorum,
1019 1589 1078 1673 qui

166 1690 343 1770 affuerunt,
357 1697 432 1756 tum
450 1692 598 1777 ipsorum
621 1693 807 1773 consulum,
823 1695 880 1777 qui
895 1716 1012 1758 omnes
1028 1696 1079 1762 ine

165 1795 352 1879 telligentia
381 1797 562 1876 anteibant,
585 1797 712 1881 judicio
735 1796 886 1862 discessit
910 1800 1078 1883 probatus

169 1900 388 1987 Undeviginti
412 1923 518 1966 annos
540 1908 640 1968 natus
661 1908 731 1965 erat
750 1923 792 1966 eo
813 1908 970 1987 tempore.
1016 1901 1080 1968 Est

168 2011 283 2068 autem
312 2006 352 2069 L.
381 2005 500 2070 Paullo
529 2007 566 2070 C.
595 2006 751 2072 Marcello
777 2006 969 2072 consulibus
995 2028 1079 2074 mot·

166 2115 265 2175 tuus:
289 2131 329 2173 ex
349 2132 417 2194 quo
441 2110 594 2178 videmus
617 2133 696 2175 eum
721 2113 756 2175 in
780 2118 994 2197 patronorum
1019 2133 1080 2178 nu·

165 2236 258 2280 mero
275 2237 381 2280 annos
396 2222 540 2299 quatuor
554 2223 586 2282 et
601 2216 823 2303 quadraginta
844 2216 955 2282 fuisse.
1002 2216 1079 2286 Hoc

165 2320 209 2384 de
225 2328 354 2384 oratore
370 2320 482 2406 paullo
498 2327 574 2410 post
588 2322 683 2407 plura
698 2322 866 2387 dicemus:
887 2323 949 2387 hoc
964 2329 1079 2388 autem

164 2424 241 2492 loco
268 2425 436 2490 voluimus
461 2431 607 2490 aetatem
629 2427 701 2510 ejus
723 2428 758 2491 in
782 2428 947 2512 disparem
973 2434 1079 2492 orato*

164 2551 242 2596 rum
266 2537 413 2596 aetatem
435 2530 642 2596 includeret*
664 2554 871 2616 quamquam
886 2533 921 2596 id
943 2534 1078 2616 quidem

166 2635 325 2700 omnibus
351 2657 417 2699 usu
440 2637 549 2699 venire
572 2657 705 2701 necesse
725 2635 799 2714 fuit,
823 2638 944 2719 quibus
967 2637 1079 2721 paullo

165 2739 299 2825 longior
320 2740 389 2804 vita
404 2741 553 2826 contigit,
568 2746 607 2804 ut
629 2748 663 2804 et
685 2763 759 2805 cum
778 2741 883 2808 multo
900 2742 1078 2826 majoribus

165 2852 261 2924 natu,
292 2867 395 2928 quam
425 2852 535 2912 essent
560 2846 633 2931 ipsi,
659 2853 794 2911 etcum
820 2846 991 2930 aliquanto
1018 2846 1079 2909 mi·

163 2951 301 3018 noribus
325 2959 601 3036 compararentur.
649 2951 696 3016 Ut
721 2952 834 3017 Attius
849 2952 968 3014 iisdem
991 2950 1080 3014 aedi·

162 3052 253 3124 libus
269 3055 318 3118 ait
339 3076 374 3118 se
390 3061 424 3120 et
448 3055 632 3122 Pacuvium
654 3056 805 3119 docuisse
827 3054 985 3134 fabulam,
1000 3074 1079 3122 cum

162 3157 221 3227 ille
247 3162 419 3246 octoginta
444 3162 516 3245 ipse
540 3160 679 3247 triginta
709 3181 815 3224 annos
846 3165 945 3224 natus
974 3165 1080 3239 esset;

196 3349 212 3380 ⁸
228 3350 277 3399 Ed.
289 3350 371 3399 Princ.
384 3349 433 3399 and
444 3349 543 3414 Meyer:
559 3348 669 3399 voluimus
682 3356 778 3399 matera
794 3348 819 3398 in
833 3349 950 3414 disparem
965 3356 1080 3398 crunam

163 3429 287 3483 includere.
333 3430 448 3480 Voluimns
466 3448 516 3480 eum
531 3432 557 3480 in
573 3430 692 3496 disparem
710 3440 823 3480 oratormn
839 3439 934 3480 odotem
950 3427 1080 3489 includere5

165 3517 232 3580 conj.
244 3515 351 3564 Ernesti.
382 3511 498 3563 Voluimns
507 3513 650 3577 juventutem
660 3513 710 3578 eJ'uc
721 3512 746 3561 in
753 3510 870 3577 disparem
886 3518 1001 3560 motuum
1016 3519 1080 3561 ectu·

166 3606 211 3653 tera
222 3596 352 3658 includere;
367 3596 431 3662 conj.
444 3595 585 3648 Schneider.
