2542 4117
437 341 573 385 esurus.
618 342 689 384 cnr.
712 342 811 386 xvrrr.
1036 317 1080 388 23

163 494 287 560 nostris
311 494 444 558 inscitia
467 500 528 574 est,
542 494 632 578 quod
655 496 680 559 ii
702 495 775 580 ipsi,
795 496 854 578 qui
879 495 914 559 in
942 495 1078 561 Graecis

163 601 369 684 antiquitate
395 599 601 663 delectentur
624 621 731 683 eaque
759 599 952 681 subtilitate,
974 622 1079 684 quam

166 706 319 769 Atticam
342 704 519 789 appellant,
536 705 621 768 hanc
643 706 677 769 in
700 705 831 769 Catone
854 727 895 768 ne
918 712 1081 771 noverunt

163 809 314 892 quidem.
350 809 540 895 Hyperidae
555 810 673 873 volunt
688 832 759 874 esse
771 816 806 874 et
822 810 955 896 Lysiae.
990 811 1081 874 Lau·

163 914 230 979 do:
254 913 313 978 sed
336 936 394 977 cur
409 914 526 978 nolunt
552 914 722 978 Catones?
770 916 883 979 Attico
898 936 1016 1000 genere
1031 915 1081 979 ‹li-

163 1019 266 1083 cendi
289 1041 324 1083 se
347 1019 490 1105 gaudere
512 1019 638 1083 dicunt.
686 1020 860 1105 Sapienter
880 1021 913 1084 id
935 1020 1082 1104 quidem.

163 1124 219 1188 68.
245 1125 356 1208 Atque
378 1126 509 1188 utinam
536 1125 754 1205 imitarentur,
779 1147 841 1189 nec
867 1146 944 1188 ossa
970 1125 1080 1189 solum

164 1231 226 1294 sed
242 1230 345 1293 etiam
361 1228 577 1314 sanguinem!
625 1229 769 1293 Gratum
785 1235 836 1293 est
849 1236 974 1308 tamen,
989 1229 1081 1313 quod

163 1335 294 1399 volunt
341 1334 409 1399 Cur
429 1336 531 1420 igitur
547 1335 671 1420 Lysias
687 1340 721 1398 et
739 1334 922 1420 Hyperides
937 1342 1081 1414 amatur,

165 1461 246 1504 curn
264 1440 396 1523 penitus
412 1441 581 1525 ignoretur
599 1438 709 1503 Cato?
757 1440 933 1523 Antiquior
948 1447 999 1504 est
1020 1441 1081 1504 hu·

161 1546 220 1631 jus
236 1566 342 1608 sermo
358 1551 393 1607 et
406 1543 574 1628 quaedam
590 1544 768 1607 horridiora
782 1547 899 1608 verba:
922 1545 970 1608 ita
988 1545 1080 1609 enim

164 1656 242 1714 tum
267 1649 504 1732 loquebantur:
531 1649 566 1711 id
588 1654 694 1729 muta,
716 1648 805 1732 quod
832 1656 906 1713 tum
931 1649 985 1713 ille
1012 1670 1081 1713 nou

165 1754 288 1840 potuit,
315 1761 349 1817 et
375 1753 461 1818 adde
489 1774 653 1833 numeros,
680 1759 719 1817 ut
749 1754 857 1839 aptior
882 1754 926 1817 sit
955 1755 1081 1818 oratio:

163 1861 242 1943 ipsa
257 1861 355 1923 verba
370 1879 533 1943 compone
549 1865 584 1922 et
598 1858 696 1941 quasi
711 1864 920 1942 coagmenta,
932 1858 1023 1941 quod
1038 1879 1081 1922 ne

169 1964 293 2028 Graeci
323 1963 458 2047 quidem
488 1969 615 2027 veteres
645 1963 897 2026 factitaverunt:
924 1963 996 2047 jam
1028 1984 1082 2026 ne·

166 2072 294 2135 minem
310 2077 493 2155 antepones
512 2070 644 2135 Catoni.
682 2070 733 2133 69.
760 2070 878 2133 Ornari
896 2070 1081 2133 orationem

169 2177 291 2240 Graeci
307 2181 437 2260 putant,
450 2176 479 2238 si
490 2177 664 2238 verborum
675 2176 972 2239 immutationibus
984 2180 1081 2238 utan-

164 2287 229 2360 tur,
251 2302 336 2363 quos
358 2280 528 2365 appellant
546 2287 665 2357 τρόπους,
690 2286 724 2344 et
744 2281 984 2344 sententiarum
1008 2301 1080 2344 ora·

163 2387 334 2468 tionisque
349 2384 471 2464 formis,
487 2406 573 2468 quae
593 2390 716 2449 vocant
735 2389 865 2462 σχήματα.
912 2386 990 2449 Non
1013 2385 1082 2448 veri

166 2489 275 2554 simile
298 2496 358 2570 est,
381 2511 484 2573 quarn
508 2491 607 2554 sitin
630 2497 769 2572 utroque
793 2511 909 2575 genere
925 2496 959 2554 et
973 2493 1082 2554 creber

166 2603 202 2660 et
231 2596 408 2660 distinctus
442 2595 538 2659 Cato.
595 2594 728 2659 XVIII.
760 2596 833 2659 Nec
858 2616 934 2658 vero
964 2596 1081 2680 ignoro

167 2702 319 2766 nondum
346 2721 418 2763 esse
446 2700 527 2763 satis
555 2699 695 2784 politum
726 2700 816 2763 hunc
845 2707 1018 2778 oratorem,
1048 2706 1082 2763 et

168 2806 396 2890 quaerendum
412 2827 484 2869 esse
501 2805 626 2888 aliquid
647 2805 836 2889 perfectius3
859 2806 981 2890 quippe
1003 2826 1081 2868 cum

166 2913 218 2975 ita
241 2912 284 2975 sit
305 2910 350 2974 ad
371 2918 556 2975 nostrorum
579 2916 770 2995 temporum
789 2912 953 2974 rationem
975 2919 1081 2988 vetus,

166 3024 207 3081 ut
229 3016 353 3079 nuliius
376 3017 534 3100 seriptum
550 3022 657 3078 exstet
672 3016 812 3100 dignum
834 3015 969 3098 quidem
992 3014 1082 3077 lecti·

168 3142 242 3201 one,
272 3121 362 3204 quod
398 3122 442 3184 sit
471 3121 651 3203 antiquius.
710 3118 777 3182 Sed
809 3119 931 3202 majore
959 3120 1082 3182 honore

165 3229 201 3291 in
229 3228 387 3291 omuibus
414 3226 540 3289 artibus
566 3245 670 3307 quam
699 3225 733 3287 in
766 3224 828 3287 hac
853 3244 922 3286 una
948 3223 1082 3287 dicendi

166 3338 315 3395 versatur
338 3331 529 3414 antiquitas.
575 3330 626 3392 70.
654 3329 741 3407 Quis
764 3330 854 3392 euim
877 3349 1002 3405 eorum,
1022 3329 1081 3411 qui

167 3438 251 3501 haec
282 3437 410 3499 minora
441 3435 719 3514 animadvertunt,
743 3456 810 3498 non
833 3433 989 3518 intelligit
1018 3433 1082 3496 Ca·

166 3542 269 3606 nacbi
295 3541 393 3627 signa
420 3539 575 3625 rigidiora
605 3561 686 3619 esse,
708 3560 812 3622 quam
843 3546 883 3603 ut
912 3539 1086 3603 imitentur
