2542 4117
190 293 234 359 60
460 315 595 360 saurus.
642 316 713 359 cnr.
736 315 827 359 xnvr.

195 467 359 546 Clodius?
381 468 444 532 etsi
474 475 605 554 propter
630 491 801 533 summam
831 470 1043 533 nobilitatem
1075 474 1111 533 et

192 572 392 656 singularem
414 576 600 659 potentiam
615 596 761 660 magnus
776 581 856 654 erat,
870 581 987 639 tamen
1004 576 1111 638 etiam

191 677 400 759 eloquentiae
434 679 603 761 quandam
635 680 902 743 mediocritatem
938 680 1111 743 afferebat.

193 781 266 845 167.
290 783 450 867 Ejusdem
466 783 530 848 lere
547 785 704 870 temporis
719 785 783 849 luit
802 806 904 868 eques
929 784 1111 849 Romanus

197 886 235 950 C.
253 887 372 967 Titius,
388 889 445 971 qui
468 910 544 952 meo
563 890 690 973 judicio
710 912 750 953 eo
766 891 952 975 pervenisse
968 890 1112 969 videtur,

193 1013 261 1074 quo
278 995 387 1076 potuit
401 992 466 1057 fere
483 994 625 1057 Latinus
638 1000 746 1058 orator
760 996 832 1059 sine
851 995 989 1058 Graecis
1005 995 1112 1058 literis

193 1105 229 1162 et
255 1100 326 1162 sine
353 1099 460 1163 multo
486 1121 550 1163 usu
578 1102 754 1185 pervenire.
801 1100 914 1184 Hujus
939 1101 1111 1163 orationes

193 1208 327 1266 tanturn
349 1204 553 1288 argutiarum
572 1210 706 1268 tanturn
723 1205 951 1289 exemplorum
971 1210 1109 1267 tantum

193 1308 392 1371 urbanitatis
410 1309 541 1386 babent,
556 1316 596 1372 ut
618 1330 724 1394 paene
743 1310 856 1373 Attieo
872 1309 948 1373 stilo
965 1311 1109 1393 scriptae

195 1433 267 1475 esse
289 1412 472 1476 videantur.
518 1412 666 1478 Easdem
690 1416 837 1500 argutias
859 1415 893 1478 in
917 1414 1110 1499 tragoedias

195 1517 276 1579 satis
301 1516 355 1580 ille
379 1518 514 1600 quidem
530 1525 628 1582 aeute
645 1519 703 1594 sed
726 1540 844 1604 parum
859 1520 984 1604 tragice
1003 1526 1112 1582 trans·

194 1621 282 1685 tulit.
326 1621 439 1700 Quem
456 1623 614 1687 studebat
627 1625 752 1687 imitari
770 1624 807 1687 L.
826 1624 982 1688 Afranius
998 1627 1110 1709 poeta,

195 1727 298 1791 horno
328 1734 533 1814 perargutus,
558 1729 592 1791 in
619 1728 741 1792 fabulis
771 1729 906 1811 quidem
933 1731 1046 1809 etiam,
1071 1735 1112 1793 nt

196 1834 298 1914 saitis,
328 1834 477 1898 disertus.
533 1833 606 1898 168.
637 1834 718 1897 Fuit
750 1836 854 1898 etiarn
887 1833 930 1912 Q.
962 1835 1111 1899 Rubrius

198 1938 315 2019 Varro,
331 1941 388 2022 qui
413 1962 434 2003 a
456 1945 574 2003 senatu
598 1940 701 2003 bostis
725 1960 802 2002 euru
830 1939 867 2002 C.
894 1939 1002 2002 Mario
1021 1940 1110 2024 judi·

196 2050 291 2109 catus
316 2051 375 2124 est,
401 2065 476 2107 aeer
505 2051 539 2107 et
569 2045 746 2108 vehemens
773 2050 954 2107 accusator.
1002 2045 1039 2107 In
1070 2067 1112 2108 eo

196 2170 315 2234 genere
349 2170 429 2212 sane
464 2150 642 2233 probabilis
673 2150 791 2213 doetus
824 2155 938 2213 autern
972 2150 1112 2214 Graecis

195 2254 297 2317 literis
327 2255 532 2339 propinquus
559 2260 678 2335 noster,
707 2254 815 2319 faetus
846 2255 887 2318 ad
919 2255 1112 2336 dicendum,

199 2357 246 2422 Μ.
278 2358 460 2437 Gratidius,
492 2359 538 2422 M.
571 2360 712 2423 Antonii
746 2359 984 2444 perfamiliaris,
1014 2362 1113 2444 eujus

197 2463 381 2549 praelectus
403 2486 481 2528 curn
504 2472 591 2529 esset
616 2467 653 2528 in
679 2465 805 2543 Cilicia,
829 2471 880 2528 est
900 2464 1114 2544 interfectus3

196 2571 256 2653 qui
279 2572 448 2636 accusavit
465 2572 503 2635 C.
521 2571 716 2651 Fimbriam,
734 2571 780 2636 M.
799 2570 898 2635 Marii
921 2572 1114 2635 Gratidiani

196 2682 299 2762 pater.

244 2783 371 2849 XLVI.
416 2783 489 2847 169.
515 2784 626 2865 Atque
642 2783 746 2846 etiarn
762 2782 854 2867 apud
872 2780 979 2845 socios
996 2786 1031 2843 et
1047 2780 1115 2844 La·

196 2895 287 2958 tinos
310 2898 453 2956 oratores
479 2892 582 2954 habiti
605 2897 686 2954 sunt
710 2889 753 2968 Q.
770 2890 906 2953 Vettius
929 2888 1114 2951 Vettianus

197 3020 217 3063 e
244 2998 373 3077 Marsis,
389 3018 489 3080 quern
512 2997 584 3081 ipse
607 2996 759 3080 cognovi,
783 2994 926 3079 prudens
948 2993 996 3057 vir
1017 2999 1051 3056 et
1077 2994 1114 3055 in

197 3104 338 3168 dieendo
364 3105 488 3167 brevis:
518 3102 562 3181 Q.
587 3108 620 3165 et
642 3101 682 3164 D.
708 3100 833 3164 Valerii
859 3099 988 3177 Sorani,
1011 3099 1114 3161 vieini

198 3216 233 3273 et
247 3209 426 3273 familiares
442 3209 518 3286 mei,
532 3213 682 3271 nontam
697 3207 731 3269 in
748 3203 888 3268 dieendo
900 3202 1114 3266 admirabiles

198 3336 302 3397 quam
315 3314 402 3377 doeti
417 3319 452 3376 et
466 3313 605 3376 Graecis
617 3310 719 3374 literis
731 3316 765 3374 et
781 3308 929 3372 Latinis:
949 3307 986 3369 C.
1000 3306 1114 3370 Rusti·

200 3460 326 3470 m

250 3537 264 3563 ⁴
281 3538 379 3603 Meyer:
399 3536 518 3589 aaudiat
551 3537 606 3587 The
617 3538 687 3586 Fasti
700 3535 849 3587 Consulares
858 3534 922 3582 have
937 3529 1058 3581 trauains.
