2542 4117
216 331 280 404 118
463 351 599 402 saurus.
645 358 715 401 car.
738 356 875 400 axxxrx.

217 533 306 577 anno
336 510 432 575 miles
458 511 559 576 altero
586 513 739 575 tribunus
770 503 939 574 militumi
956 509 1130 595 Sulpicius

214 616 345 702 legatus
373 617 485 679 aberat
507 617 608 679 etiam
635 616 681 680 M.
707 616 891 680 Antonius:
913 617 1130 678 exercebatur

214 743 284 786 una
306 721 378 806 lege
397 721 560 805 judicium
583 720 687 785 Varia
709 722 824 784 ceteris
847 727 978 805 propter
999 720 1131 783 bellurn

213 826 427 890 intermissis:
448 826 503 889 cui
517 824 670 909 frequens
686 825 828 905 aderam,
845 846 1049 908 quamquam
1067 845 1130 910 pro

215 952 250 995 se
266 932 331 1015 ipsi
345 930 500 994 dicebant
516 937 660 994 oratores
673 952 739 994 non
751 930 799 993 illi
814 929 948 1013 quidem
961 930 1130 1014 principes

217 1035 257 1101 L.
276 1035 457 1099 Memmius
472 1041 506 1099 et
524 1035 566 1113 Q.
581 1035 761 1120 Pompeius
777 1035 834 1099 sed
851 1041 994 1098 oratores
1009 1041 1130 1098 tamen

213 1145 299 1204 teste
311 1139 432 1203 diserto
445 1145 580 1223 uterque
597 1139 759 1224 Philippo,
772 1141 866 1224 cujus
882 1141 917 1203 in
932 1140 1130 1203 testimonio

214 1245 384 1308 contentio
400 1250 433 1307 et
448 1244 516 1306 vim
531 1245 734 1307 accusatoris
751 1244 894 1307 habebat
908 1249 942 1307 et
957 1244 1101 1328 copiam.

259 1349 332 1413 305.
357 1348 497 1431 Reliqui,
510 1349 568 1432 qui
588 1356 663 1412 tum
676 1350 839 1434 principes
856 1352 1130 1429 numerabantur,

213 1454 250 1518 in
273 1455 521 1539 magistratibus
545 1460 649 1532 erant,
665 1453 879 1537 quotidieque
900 1453 966 1517 lere
985 1476 1007 1517 a
1029 1455 1130 1518 nobis

213 1559 250 1622 in
276 1558 491 1622 concionibus
521 1558 748 1622 audiebantur.
793 1558 876 1622 Erat
905 1560 994 1622 enim
1024 1560 1130 1623 tribu-

215 1683 280 1728 nus
302 1661 406 1747 plebis
428 1668 501 1726 tum
528 1663 564 1726 C.
584 1663 694 1742 Curio,
710 1684 916 1746 quamquam
938 1664 967 1726 is
988 1663 1128 1746 quidem

216 1768 344 1849 silebat,
365 1774 405 1833 ut
428 1775 498 1832 erat
524 1769 627 1832 semel
650 1790 672 1831 a
694 1769 856 1832 concione
880 1769 1034 1832 universa
1056 1769 1130 1832 reli·

216 1879 308 1938 ctus:
335 1873 377 1951 Q.
400 1872 553 1947 Metellus
578 1872 681 1953 Celer,
698 1894 764 1936 non
789 1872 843 1935 ille
863 1872 998 1956 quidem
1017 1880 1130 1937 orator

214 1978 274 2042 sed
295 1984 409 2041 tamen
433 1999 500 2041 non
521 1978 650 2041 infans:
673 1977 785 2041 diserti
806 1984 920 2041 autem
940 1977 983 2056 Q.
1001 1978 1129 2043 Varius

216 2084 253 2146 O.
274 2082 381 2146 Carbo
401 2081 461 2145 On.
480 2082 707 2166 Pomponius3
731 2082 827 2146 etii*
841 2082 976 2166 quidem
997 2083 1130 2147 habita·

213 2189 297 2251 bant
317 2187 352 2249 in
374 2187 494 2250 rostris.
542 2186 578 2249 C.
605 2189 707 2250 etiam
732 2186 841 2251 Julius
865 2187 981 2251 aedilis
1004 2188 1128 2252 curulis

213 2290 363 2374 quotidie
385 2290 450 2354 sere
475 2297 648 2354 accuratas
663 2292 840 2355 conciones
856 2293 1008 2355 habebat.
1057 2292 1129 2357 Sed

213 2417 268 2461 me
284 2394 539 2479 cupidissimum
556 2395 714 2459 audiendi
737 2397 861 2481 primus
884 2396 976 2460 dolor
996 2419 1129 2482 percus·

215 2501 269 2580 sit,
287 2500 388 2564 Cotta
404 2522 481 2564 cum
497 2506 548 2564 est
563 2500 729 2585 expulsus.
767 2500 928 2585 Reliquos
943 2501 1129 2585 frequenter

214 2605 354 2671 audiens
370 2608 526 2670 acerrimo
542 2606 653 2670 studio
675 2608 830 2686 tenebar3
852 2606 1068 2690 quotidieque
1093 2613 1129 2671 et

215 2714 359 2776 scribens
384 2718 418 2776 et
437 2712 550 2798 legens
572 2718 606 2776 et
627 2718 860 2775 commentans
883 2714 1032 2775 oratoriis
1054 2718 1129 2776 tan·

214 2824 289 2883 tum
312 2817 600 2880 exercitationibus
623 2822 799 2879 contentus
815 2838 883 2880 non
904 2837 1003 2879 eram.
1047 2817 1129 2881 Jam

216 2928 440 3006 consequente
464 2943 552 2985 anno
577 2921 620 2999 Q.
639 2921 763 2986 Varius
780 2944 841 2986 sua
856 2923 928 3008 lege
944 2923 1130 2988 damnatus

215 3033 406 3092 excesserat
451 3027 527 3090 306.
552 3025 627 3112 Ego
650 3034 765 3091 autern
784 3029 867 3111 juris
885 3028 991 3092 civilis
1014 3028 1129 3092 studio

216 3134 361 3198 multum
386 3154 505 3218 operae
529 3132 649 3196 dabam
676 3132 719 3210 Q.
738 3132 920 3196 Scaevolae
946 3133 981 3196 P.
1006 3133 1053 3213 F,
1069 3135 1129 3217 qui

216 3260 422 3322 quamquam
440 3238 565 3302 nemini
580 3259 615 3301 sc
628 3236 670 3300 ad
686 3237 872 3301 docendum
886 3237 997 3317 dabat,
1009 3244 1130 3304 tamen

216 3344 464 3407 consulentibus
476 3341 704 3427 respondendo
716 3342 883 3407 studiosos
897 3342 1056 3407 audiendi
1069 3344 1129 3407 do·

547 3565 561 3592 ”
576 3567 625 3617 Ed.
636 3568 735 3619 Ptine-1
749 3568 783 3618 ti.
