2542 4117
373 331 509 374 usurus.
555 331 625 374 css.
649 332 777 375 xxxvu.
1009 311 1053 377 49

135 490 212 549 tum
227 485 333 548 etiam
348 485 423 570 ipso
447 506 531 549 sono
552 485 649 568 quasi
671 485 857 549 subrustico
879 506 1053 571 proseque-

135 594 236 655 batur
252 597 353 674 atque
368 591 562 654 imitabatur
576 591 822 673 antiquitatem.

183 696 299 778 Atque
321 717 385 781 ego
401 697 485 759 etin
501 696 563 759 hoc
577 696 651 780 ipso
671 696 773 759 Cotta
793 696 876 759 etin
892 679 966 759 aliis
981 696 1052 783 plu·

134 802 229 865 ribus
244 801 394 886 intelligo
410 822 465 865 me
481 822 546 865 non
569 801 617 865 ita
638 801 777 864 disertos
793 801 944 864 homines
958 807 992 865 et
1006 822 1052 864 re·

135 906 254 970 tulisse
270 907 306 969 in
322 911 489 970 oratorum
505 927 680 969 numerum
700 912 734 969 et
756 906 944 970 relaturum.
989 906 1054 970 Est

136 1012 230 1074 enim
256 1012 463 1095 propositum
486 1010 639 1096 colligere
662 1032 729 1090 eos,
751 1012 808 1093 qui
832 1012 894 1075 hoc
918 1033 1053 1076 munere

136 1117 171 1179 in
198 1117 336 1179 civitate
361 1113 466 1180 suncti
487 1117 564 1193 sint,
587 1122 626 1179 ut
648 1121 797 1179 tenerent
819 1124 985 1180 oratorum
1007 1116 1053 1181 lo·

137 1240 238 1301 cum3
262 1242 404 1304 quorum
427 1221 562 1304 quidem
587 1241 674 1303 quae
697 1219 793 1284 suerit
820 1221 994 1285 adscensio
1020 1229 1054 1286 et

138 1348 246 1409 quam
264 1327 299 1389 in
321 1326 479 1390 omnibus
493 1328 590 1389 rebus
606 1324 748 1388 difficilis
765 1328 883 1411 optimi
899 1326 1054 1412 perfectio

138 1437 243 1514 atque
268 1431 446 1509 absolutio,
473 1452 513 1493 ex
540 1451 590 1509 eo,
613 1430 703 1513 quod
731 1429 852 1509 dicam,
873 1433 1055 1495 existimari
1093 1413 1095 1418 s

139 1542 261 1620 potest
296 1535 368 1600 138.
392 1536 507 1613 Quam
518 1535 616 1599 multi
628 1537 718 1597 enim
727 1535 798 1619 jam
811 1543 954 1600 oratores
966 1557 1055 1600 com·

139 1641 318 1704 memorati
342 1647 429 1721 sunt,
445 1648 479 1704 et
494 1662 598 1723 quam
614 1641 672 1703 diu
697 1641 731 1702 in
754 1662 868 1703 eorum
883 1663 1057 1705 enumera·

138 1746 234 1809 tione
257 1767 435 1824 versamur,
451 1768 529 1809 cum
549 1752 663 1809 tamen
689 1746 792 1829 spisse
815 1752 916 1827 atque
938 1748 1003 1826 vix,
1019 1753 1058 1810 ut
1142 1765 1170 1840 ,r

139 1850 271 1914 dudum
288 1850 331 1913 ad
347 1851 610 1914 Demosthenem
626 1857 661 1912 et
677 1849 889 1934 Hyperidem,
905 1851 952 1914 sic
969 1872 1057 1914 nune

140 1956 187 2019 ad
215 1956 402 2020 Antonium
437 1957 662 2038 Crassumque
692 1953 919 2039 pervenimus!
966 1955 1054 2019 Nam

139 2081 206 2145 ego
230 2061 277 2124 sic
299 2061 453 2124 existimo
470 2062 530 2124 hos
545 2067 690 2124 oratores
712 2060 814 2122 fuisse
836 2061 1000 2124 maximos
1023 2067 1058 2124 et

139 2167 175 2229 iu
192 2166 244 2230 his
260 2168 406 2250 primum
422 2187 500 2229 cum
519 2166 721 2229 Graecorum
746 2164 849 2249 gloria
866 2165 990 2229 Latine
1006 2166 1053 2229 di·

140 2271 240 2335 cendi
250 2272 383 2355 copiam
395 2276 584 2353 aequatam.
619 2270 801 2333 XXXVII.
837 2270 909 2334 139.
930 2270 1058 2335 Omnia

139 2376 323 2439 veniebant
340 2376 489 2439 Antonio
504 2376 540 2438 in
556 2381 723 2438 mentem:
744 2397 851 2459 eaque
874 2397 936 2440 suo
954 2397 1056 2459 quae·

140 2501 208 2564 que
220 2480 304 2559 loc0,
315 2482 374 2543 ubi
385 2480 567 2565 plurimum
580 2478 732 2565 proficere
745 2487 779 2544 et
794 2481 900 2544 valere
912 2487 1057 2566 possent,

140 2592 182 2650 ut
208 2586 251 2648 ab
276 2586 473 2669 imperatore
496 2585 625 2666 equites
642 2585 768 2669 pedites
782 2585 864 2649 levis
880 2592 1057 2664 armatura,

142 2690 193 2754 sic
212 2691 255 2752 ab
270 2689 327 2752 illo
342 2690 376 2753 in
401 2690 546 2753 maxime
563 2689 757 2774 opportunis
779 2691 938 2753 orationis
960 2690 1057 2774 parti·

141 2798 207 2859 bus
231 2796 487 2859 collocabantur.
534 2796 617 2860 Erat
639 2798 801 2860 memoria
816 2819 951 2861 summa
966 2797 1057 2862 nulla

142 2901 372 2965 meditationis
388 2902 552 2986 suspicio:
576 2903 760 2987 imparatus
776 2924 906 2988 semper
921 2902 1057 2988 aggredi

142 3005 188 3070 ad
211 3006 391 3070 dicendum
413 3007 603 3070 videbatur:
626 3007 685 3070 sed
700 3007 748 3070 ita
766 3013 838 3070 erat
859 3014 1003 3092 paratus,
1018 3013 1058 3069 ut

138 3111 272 3196 judices
292 3111 349 3174 illo
372 3111 502 3175 dicente
525 3132 767 3193 nonnunquam
782 3111 969 3174 viderentur
988 3132 1056 3174 non

142 3216 228 3280 satis
257 3217 365 3300 parati
396 3217 439 3280 ad
469 3216 655 3280 cavendum
683 3216 794 3279 fuisse.
839 3215 912 3279 140.
944 3214 1057 3280 Verba

140 3321 228 3405 ipsa,
263 3342 330 3385 non
362 3321 419 3384 illa
452 3321 589 3404 quidem
621 3320 871 3405 elegantissimo
906 3342 1056 3384 sermone

145 3426 276 3511 (itaque
298 3425 470 3511 diligenter
496 3425 654 3509 loquendi
686 3425 784 3488 laude
809 3427 925 3506 caruit,
949 3446 1057 3508 neque

143 3535 261 3594 tamen
285 3537 336 3595 est
357 3531 541 3595 admodum
566 3531 738 3614 inquinate
755 3530 899 3618 locutus)
919 3532 978 3596 sed
994 3531 1059 3612 illa,

497 3634 520 3700 4
