2542 4117
223 264 267 332 12
515 286 651 332 sunaus.
696 289 766 332 cnr.
790 289 836 333 rx.

21 465 25 496 r
50 403 59 480 l
106 483 110 492 =
222 445 295 505 tete
306 439 418 524 aliqua
428 442 600 505 verborum
613 442 861 527 comprehensio
872 442 1086 507 terminatur:
1099 442 1140 506 in

100 593 104 612 .
224 566 291 628 quo
304 566 370 609 non
382 545 484 609 modo
494 544 593 629 defici
609 546 668 610 sed
683 548 785 611 etiarn
802 547 948 611 laborare
963 554 1060 633 turpe
1075 552 1139 610 est.

226 649 286 714 IX.
329 649 381 714 35.
407 649 497 714 Tum
519 649 583 715 fuit
605 650 738 737 Lysias,
752 653 824 736 ipse
839 652 975 735 quidem
997 654 1034 716 in
1058 673 1140 716 cau-

225 755 271 819 sis
297 752 481 819 forensibus
507 776 574 819 non
599 761 748 820 versatus
771 756 829 820 sed
852 758 982 843 egregie
1005 756 1140 820 subtilis

225 860 362 944 scriptor
383 866 483 943 etque
506 859 650 946 elegans,
669 882 769 944 quern
789 861 861 946 jam
885 883 986 947 prope
1008 861 1140 925 audeas

226 970 389 1029 oratorem
421 964 602 1050 perlectum
634 966 748 1029 dicere.
803 966 893 1030 Nam
929 966 1028 1052 plane
1064 966 1140 1048 qui·

225 1069 303 1138 deur
319 1069 510 1155 perlectum,
525 1076 559 1134 et
576 1071 630 1135 cui
654 1070 735 1135 nihil
757 1069 941 1135 admodum
960 1072 1056 1151 desit,
1072 1070 1141 1135 De-

226 1175 437 1239 mosthenem
461 1174 558 1239 lecile
583 1175 711 1239 dixeris.
757 1174 850 1239 Nihil
874 1182 972 1240 acute
997 1175 1140 1239 inveniri

227 1280 338 1365 potuit
360 1280 396 1343 in
423 1280 471 1343 eis
494 1281 614 1360 causis,
637 1302 722 1364 quas
747 1280 884 1365 scripsit,
910 1280 1002 1360 nihil,
1028 1286 1068 1343 ut
1088 1280 1141 1343 ita

226 1383 346 1464 dicam,
362 1383 501 1467 subdole
522 1385 603 1448 nihil
625 1391 765 1465 versute,
779 1385 870 1468 quod
889 1385 943 1448 ille
966 1406 1034 1449 non
1049 1385 1141 1448 vide·

225 1489 285 1569 rit;
308 1488 390 1553 nihil
416 1489 579 1554 subtiliter
604 1490 671 1553 dici
698 1490 780 1554 nihil
806 1512 916 1575 presse
946 1489 1028 1554 nihil
1059 1512 1140 1553 enu-

227 1593 342 1673 cleate,
371 1615 439 1677 quo
468 1593 538 1658 fieri
568 1596 674 1680 possit
702 1594 828 1678 aliquid
857 1594 1023 1660 limatius:
1056 1594 1142 1658 nihil

227 1704 342 1763 contra
361 1699 484 1784 grande
499 1700 581 1764 nihil
603 1700 778 1763 incitatum
803 1699 885 1763 nihil
906 1705 1061 1763 ornatum
1087 1698 1142 1762 vel

227 1807 401 1869 verborum
424 1806 587 1891 gravitate
609 1804 661 1867 vel
683 1805 933 1883 sententiarum,
955 1825 1023 1887 quo
1045 1803 1140 1886 quid·

228 1931 334 1994 quam
357 1915 444 1973 esset
466 1909 594 1973 elatius.
639 1908 690 1972 36.
715 1907 805 1972 Huic
828 1908 1012 1993 Hyperides
1034 1908 1140 1993 proxi·

228 2036 305 2078 mus
321 2020 355 2077 et
372 2014 554 2077 Aeschines
576 2011 642 2076 fuit
661 2019 695 2078 et
714 2012 888 2100 Lycurgus
904 2019 939 2076 et
953 2012 1140 2077 Dinarchus

165 2117 169 2126 '
228 2125 263 2183 et
277 2119 315 2197 is,
328 2118 423 2202 cujus
436 2116 528 2181 nulla
540 2123 672 2181 exstant
687 2120 817 2203 scripta,
829 2117 1008 2212 Qemadgs
1018 2116 1140 2200 aliique

228 2222 346 2309 plures.
391 2222 486 2286 Haec
509 2222 599 2285 enirn
621 2228 714 2286 aetas
735 2221 853 2298 effudit
878 2224 964 2286 hanc
988 2223 1139 2307 copiam,

228 2334 272 2406 et,
284 2334 323 2391 ut
338 2327 451 2412 opinio
463 2348 540 2391 mea
554 2325 624 2406 fert,
636 2348 755 2391 succus
766 2328 821 2391 ille
833 2334 867 2391 et
883 2327 1021 2412 sanguis
1036 2327 1140 2390 incor-

227 2440 345 2519 ruptus
363 2453 470 2514 usqne
494 2431 538 2494 ad
560 2432 647 2495 hanc
664 2437 810 2496 aetatem
826 2438 994 2495 oratorum
1017 2430 1089 2509 suit,
1104 2432 1139 2494 in

128 2527 131 2534 ⁴
228 2559 297 2621 qua
312 2536 470 2601 naturalis
485 2537 609 2600 inesset
624 2557 692 2600 non
707 2538 840 2600 fucatus
853 2537 947 2600 nitor.
981 2536 1032 2599 37.
1056 2536 1140 2600 Pha·

228 2643 333 2709 lereus
349 2642 436 2705 enirn
454 2643 612 2705 successit
633 2643 681 2705 eis
704 2642 838 2705 senibus
854 2640 1055 2722 adolescens,
1071 2662 1141 2704 eru·

229 2747 414 2811 ditissimus
435 2745 489 2809 ille
511 2745 647 2828 quidem
672 2746 789 2809 horum
812 2747 964 2810 omniurn
990 2745 1049 2809 sed
1072 2765 1141 2809 non

228 2858 301 2917 tam
332 2851 432 2914 armis
461 2850 635 2914 institutus
666 2872 767 2934 quam
799 2851 974 2938 palaestra.
1021 2850 1141 2933 Itaque

229 2958 415 3023 delectabat
439 2956 547 3041 magis
572 2956 793 3020 Athenienses
821 2978 924 3040 quarn
954 2956 1141 3019 inflamma·

229 3066 297 3128 bat.
342 3063 548 3127 Processerat
563 3061 653 3125 enirn
669 3062 705 3124 in
721 3060 825 3124 solem
841 3068 874 3125 et
889 3060 1055 3145 pulverem
1073 3082 1140 3125 non

229 3174 270 3231 ut
293 3188 311 3229 e
335 3166 471 3230 militari
492 3165 704 3230 tabernaculo
727 3164 786 3229 sed
808 3172 848 3229 ut
869 3186 887 3227 e
911 3165 1142 3249 Theophrasti,

230 3271 416 3335 doctissimi
431 3271 584 3349 hominis,
598 3269 808 3333 umbraculis.
852 3268 903 3333 38.
928 3269 993 3332 Hic
1014 3270 1140 3353 primus

230 3374 359 3440 inflexit
385 3375 579 3453 orationem,
603 3380 636 3438 et
663 3395 736 3437 earn
767 3373 900 3437 mollem
927 3380 1140 3456 teneramque

230 3481 389 3561 reddidie3
406 3486 440 3543 et
454 3480 575 3559 suavis,
591 3479 678 3542 sicut
691 3477 764 3558 fuit,
779 3478 882 3542 videri
905 3477 1024 3541 maluit
1038 3498 1140 3560 quam
