<?xml version="1.0" encoding="UTF-8"?>
<!DOCTYPE html PUBLIC "-//W3C//DTD XHTML 1.0 Transitional//EN"
    "http://www.w3.org/TR/xhtml1/DTD/xhtml1-transitional.dtd">
<html xmlns="http://www.w3.org/1999/xhtml" xml:lang="en" lang="en">
 <head>
  <title>
</title>
<meta http-equiv="Content-Type" content="text/html;charset=utf-8" />
  <meta name='ocr-system' content='tesseract 3.04.00' />
  <meta name='ocr-capabilities' content='ocr_page ocr_carea ocr_par ocr_line ocrx_word'/>
</head>
<body>
  <div class='ocr_page' id='page_1' title='image "./brutus02cicegoog/brutus02cicegoog_0145.png"; bbox 0 0 2542 4117; ppageno 0'>
   <div class='ocr_carea' id='block_1_1' title="bbox 418 327 1049 393">
    <p class='ocr_par' dir='ltr' id='par_1_1' title="bbox 418 327 1049 393">
     <span class='ocr_line' id='line_1_1' title="bbox 418 327 1049 393; baseline 0.011 -7"><span class='ocrx_word' id='word_1_1' title='bbox 418 344 553 387; x_wconf 74' lang='lat' dir='ltr'>saurus.</span> <span class='ocrx_word' id='word_1_2' title='bbox 599 345 669 388; x_wconf 71' lang='lat' dir='ltr'>cnr.</span> <span class='ocrx_word' id='word_1_3' title='bbox 692 341 770 390; x_wconf 83' lang='lat' dir='ltr'>xcv.</span> <span class='ocrx_word' id='word_1_4' title='bbox 985 327 1049 393; x_wconf 82' lang='lat'>127</span> 
     </span>
    </p>
   </div>
   <div class='ocr_carea' id='block_1_2' title="bbox 131 496 1059 3625">
    <p class='ocr_par' dir='ltr' id='par_1_2' title="bbox 131 496 1050 669">
     <span class='ocr_line' id='line_1_2' title="bbox 132 496 1050 588; baseline 0.007 -27"><span class='ocrx_word' id='word_1_5' title='bbox 132 496 238 562; x_wconf 87' lang='lat' dir='ltr'>fuerit</span> <span class='ocrx_word' id='word_1_6' title='bbox 253 499 288 562; x_wconf 90' lang='lat' dir='ltr'>in</span> <span class='ocrx_word' id='word_1_7' title='bbox 303 503 454 582; x_wconf 86' lang='lat' dir='ltr'>utroque,</span> <span class='ocrx_word' id='word_1_8' title='bbox 466 500 631 563; x_wconf 89' lang='lat' dir='ltr'>orationes</span> <span class='ocrx_word' id='word_1_9' title='bbox 642 499 814 582; x_wconf 87' lang='lat' dir='ltr'>utriusque</span> <span class='ocrx_word' id='word_1_10' title='bbox 825 500 926 566; x_wconf 90' lang='lat' dir='ltr'>etiam</span> <span class='ocrx_word' id='word_1_11' title='bbox 942 508 1050 588; x_wconf 84' lang='lat' dir='ltr'>poste·</span> 
     </span>
     <span class='ocr_line' id='line_1_3' title="bbox 131 604 537 669; baseline -0.002 -1"><span class='ocrx_word' id='word_1_12' title='bbox 131 606 180 669; x_wconf 91' lang='lat' dir='ltr'>ris</span> <span class='ocrx_word' id='word_1_13' title='bbox 197 606 319 668; x_wconf 88' lang='lat' dir='ltr'>nostris</span> <span class='ocrx_word' id='word_1_14' title='bbox 333 604 537 669; x_wconf 87' lang='lat' dir='ltr'>indicabunt</span> 
     </span>
    </p>

    <p class='ocr_par' dir='ltr' id='par_1_3' title="bbox 134 708 1059 3625">
     <span class='ocr_line' id='line_1_4' title="bbox 183 708 1050 792; baseline 0.005 -18"><span class='ocrx_word' id='word_1_15' title='bbox 183 709 299 774; x_wconf 88' lang='lat' dir='ltr'>XCV.</span> <span class='ocrx_word' id='word_1_16' title='bbox 343 708 417 773; x_wconf 84' lang='lat'>325.</span> <span class='ocrx_word' id='word_1_17' title='bbox 442 709 510 773; x_wconf 84' lang='lat' dir='ltr'>Sed</span> <span class='ocrx_word' id='word_1_18' title='bbox 525 710 553 772; x_wconf 92' lang='lat' dir='ltr'>si</span> <span class='ocrx_word' id='word_1_19' title='bbox 569 711 769 792; x_wconf 81' lang='lat' dir='ltr'>quaerimus,</span> <span class='ocrx_word' id='word_1_20' title='bbox 784 732 842 775; x_wconf 89' lang='lat' dir='ltr'>cur</span> <span class='ocrx_word' id='word_1_21' title='bbox 859 711 1050 778; x_wconf 75' lang='lat' dir='ltr'>adolescens</span> 
     </span>
     <span class='ocr_line' id='line_1_5' title="bbox 134 813 1050 900; baseline 0.003 -21"><span class='ocrx_word' id='word_1_22' title='bbox 134 816 250 900; x_wconf 89' lang='lat' dir='ltr'>magis</span> <span class='ocrx_word' id='word_1_23' title='bbox 273 813 418 879; x_wconf 90' lang='lat' dir='ltr'>floruerit</span> <span class='ocrx_word' id='word_1_24' title='bbox 433 814 573 878; x_wconf 89' lang='lat' dir='ltr'>diceudo</span> <span class='ocrx_word' id='word_1_25' title='bbox 588 837 691 897; x_wconf 88' lang='lat' dir='ltr'>quam</span> <span class='ocrx_word' id='word_1_26' title='bbox 713 817 820 880; x_wconf 89' lang='lat' dir='ltr'>senior</span> <span class='ocrx_word' id='word_1_27' title='bbox 844 815 1050 898; x_wconf 80' lang='lat' dir='ltr'>Hortensius,</span> 
     </span>
     <span class='ocr_line' id='line_1_6' title="bbox 136 921 1050 1004; baseline 0.002 -19"><span class='ocrx_word' id='word_1_28' title='bbox 136 942 263 985; x_wconf 84' lang='lat' dir='ltr'>causas</span> <span class='ocrx_word' id='word_1_29' title='bbox 292 921 490 1004; x_wconf 85' lang='lat' dir='ltr'>reperiemus</span> <span class='ocrx_word' id='word_1_30' title='bbox 521 921 710 984; x_wconf 85' lang='lat' dir='ltr'>verissimas</span> <span class='ocrx_word' id='word_1_31' title='bbox 741 921 834 986; x_wconf 89' lang='lat' dir='ltr'>duas.</span> <span class='ocrx_word' id='word_1_32' title='bbox 891 923 1050 1003; x_wconf 89' lang='lat' dir='ltr'>Primum,</span> 
     </span>
     <span class='ocr_line' id='line_1_7' title="bbox 136 1026 1051 1110; baseline 0.002 -21"><span class='ocrx_word' id='word_1_33' title='bbox 136 1026 229 1107; x_wconf 87' lang='lat' dir='ltr'>quod</span> <span class='ocrx_word' id='word_1_34' title='bbox 255 1046 361 1110; x_wconf 90' lang='lat' dir='ltr'>genus</span> <span class='ocrx_word' id='word_1_35' title='bbox 376 1031 446 1089; x_wconf 89' lang='lat' dir='ltr'>erat</span> <span class='ocrx_word' id='word_1_36' title='bbox 466 1026 625 1092; x_wconf 87' lang='lat' dir='ltr'>orationis</span> <span class='ocrx_word' id='word_1_37' title='bbox 650 1026 839 1090; x_wconf 87' lang='lat' dir='ltr'>Asiaticum</span> <span class='ocrx_word' id='word_1_38' title='bbox 863 1027 1051 1091; x_wconf 87' lang='lat' dir='ltr'>adolescen-</span> 
     </span>
     <span class='ocr_line' id='line_1_8' title="bbox 136 1131 1051 1215; baseline 0.002 -20"><span class='ocrx_word' id='word_1_39' title='bbox 136 1133 208 1195; x_wconf 89' lang='lat' dir='ltr'>tiae</span> <span class='ocrx_word' id='word_1_40' title='bbox 232 1131 342 1215; x_wconf 89' lang='lat' dir='ltr'>magis</span> <span class='ocrx_word' id='word_1_41' title='bbox 357 1151 551 1193; x_wconf 91' lang='lat' dir='ltr'>eoncessum</span> <span class='ocrx_word' id='word_1_42' title='bbox 575 1152 677 1213; x_wconf 92' lang='lat' dir='ltr'>quarn</span> <span class='ocrx_word' id='word_1_43' title='bbox 702 1132 872 1195; x_wconf 82' lang='lat' dir='ltr'>senectuti.</span> <span class='ocrx_word' id='word_1_44' title='bbox 919 1133 1051 1197; x_wconf 89' lang='lat' dir='ltr'>Genera</span> 
     </span>
     <span class='ocr_line' id='line_1_9' title="bbox 139 1234 1052 1317; baseline 0.001 -17"><span class='ocrx_word' id='word_1_45' title='bbox 139 1242 258 1301; x_wconf 88' lang='lat' dir='ltr'>autern</span> <span class='ocrx_word' id='word_1_46' title='bbox 284 1235 451 1299; x_wconf 85' lang='lat' dir='ltr'>Asiaticae</span> <span class='ocrx_word' id='word_1_47' title='bbox 468 1234 622 1298; x_wconf 89' lang='lat' dir='ltr'>dictionis</span> <span class='ocrx_word' id='word_1_48' title='bbox 643 1235 710 1299; x_wconf 93' lang='lat' dir='ltr'>duo</span> <span class='ocrx_word' id='word_1_49' title='bbox 733 1242 828 1317; x_wconf 80' lang='lat' dir='ltr'>sunt3</span> <span class='ocrx_word' id='word_1_50' title='bbox 850 1258 956 1300; x_wconf 91' lang='lat' dir='ltr'>unum</span> <span class='ocrx_word' id='word_1_51' title='bbox 980 1258 1052 1301; x_wconf 90' lang='lat' dir='ltr'>sen·</span> 
     </span>
     <span class='ocr_line' id='line_1_10' title="bbox 138 1341 1052 1427; baseline 0.001 -23"><span class='ocrx_word' id='word_1_52' title='bbox 138 1342 325 1405; x_wconf 83' lang='lat' dir='ltr'>teutiosum</span> <span class='ocrx_word' id='word_1_53' title='bbox 348 1344 382 1402; x_wconf 92' lang='lat' dir='ltr'>et</span> <span class='ocrx_word' id='word_1_54' title='bbox 403 1346 558 1424; x_wconf 89' lang='lat' dir='ltr'>argutum</span> <span class='ocrx_word' id='word_1_55' title='bbox 582 1341 754 1404; x_wconf 86' lang='lat' dir='ltr'>sententiis</span> <span class='ocrx_word' id='word_1_56' title='bbox 769 1362 835 1405; x_wconf 91' lang='lat' dir='ltr'>non</span> <span class='ocrx_word' id='word_1_57' title='bbox 853 1348 924 1405; x_wconf 88' lang='lat' dir='ltr'>tam</span> <span class='ocrx_word' id='word_1_58' title='bbox 948 1342 1052 1427; x_wconf 89' lang='lat' dir='ltr'>gravi·</span> 
     </span>
     <span class='ocr_line' id='line_1_11' title="bbox 138 1444 1051 1531; baseline 0.002 -21"><span class='ocrx_word' id='word_1_59' title='bbox 138 1448 205 1510; x_wconf 88' lang='lat' dir='ltr'>bus</span> <span class='ocrx_word' id='word_1_60' title='bbox 225 1451 260 1508; x_wconf 90' lang='lat' dir='ltr'>et</span> <span class='ocrx_word' id='word_1_61' title='bbox 282 1444 402 1507; x_wconf 88' lang='lat' dir='ltr'>severis</span> <span class='ocrx_word' id='word_1_62' title='bbox 417 1466 519 1527; x_wconf 91' lang='lat' dir='ltr'>quam</span> <span class='ocrx_word' id='word_1_63' title='bbox 536 1446 706 1508; x_wconf 89' lang='lat' dir='ltr'>concinnis</span> <span class='ocrx_word' id='word_1_64' title='bbox 722 1452 756 1509; x_wconf 91' lang='lat' dir='ltr'>et</span> <span class='ocrx_word' id='word_1_65' title='bbox 770 1448 927 1526; x_wconf 85' lang='lat' dir='ltr'>venustis,</span> <span class='ocrx_word' id='word_1_66' title='bbox 942 1448 1051 1531; x_wconf 87' lang='lat' dir='ltr'>qualis</span> 
     </span>
     <span class='ocr_line' id='line_1_12' title="bbox 139 1549 1051 1636; baseline 0.001 -21"><span class='ocrx_word' id='word_1_67' title='bbox 139 1552 176 1615; x_wconf 93' lang='lat' dir='ltr'>in</span> <span class='ocrx_word' id='word_1_68' title='bbox 207 1550 346 1614; x_wconf 87' lang='lat' dir='ltr'>historia</span> <span class='ocrx_word' id='word_1_69' title='bbox 378 1549 539 1612; x_wconf 88' lang='lat' dir='ltr'>Timaeus</span> <span class='ocrx_word' id='word_1_70' title='bbox 563 1549 597 1612; x_wconf 92' lang='lat' dir='ltr'>iu</span> <span class='ocrx_word' id='word_1_71' title='bbox 628 1549 767 1614; x_wconf 91' lang='lat' dir='ltr'>diceudo</span> <span class='ocrx_word' id='word_1_72' title='bbox 798 1558 913 1615; x_wconf 89' lang='lat' dir='ltr'>autem</span> <span class='ocrx_word' id='word_1_73' title='bbox 942 1552 1051 1636; x_wconf 90' lang='lat' dir='ltr'>pueris</span> 
     </span>
     <span class='ocr_line' id='line_1_13' title="bbox 141 1653 1053 1740; baseline 0.001 -20"><span class='ocrx_word' id='word_1_74' title='bbox 141 1656 241 1720; x_wconf 89' lang='lat' dir='ltr'>nobis</span> <span class='ocrx_word' id='word_1_75' title='bbox 265 1653 434 1718; x_wconf 87' lang='lat' dir='ltr'>Hierocles</span> <span class='ocrx_word' id='word_1_76' title='bbox 452 1654 667 1718; x_wconf 87' lang='lat' dir='ltr'>Alabandeus</span> <span class='ocrx_word' id='word_1_77' title='bbox 683 1656 791 1740; x_wconf 89' lang='lat' dir='ltr'>magis</span> <span class='ocrx_word' id='word_1_78' title='bbox 811 1657 912 1720; x_wconf 88' lang='lat' dir='ltr'>etiam</span> <span class='ocrx_word' id='word_1_79' title='bbox 940 1657 1053 1721; x_wconf 87' lang='lat' dir='ltr'>Mene·</span> 
     </span>
     <span class='ocr_line' id='line_1_14' title="bbox 141 1758 1053 1843; baseline 0.001 -18"><span class='ocrx_word' id='word_1_80' title='bbox 141 1761 209 1825; x_wconf 91' lang='lat' dir='ltr'>eles</span> <span class='ocrx_word' id='word_1_81' title='bbox 231 1758 330 1823; x_wconf 84' lang='lat' dir='ltr'>frater</span> <span class='ocrx_word' id='word_1_82' title='bbox 347 1760 419 1842; x_wconf 87' lang='lat' dir='ltr'>ejus</span> <span class='ocrx_word' id='word_1_83' title='bbox 441 1758 522 1839; x_wconf 79' lang='lat' dir='ltr'>fuit3</span> <span class='ocrx_word' id='word_1_84' title='bbox 545 1780 686 1842; x_wconf 92' lang='lat' dir='ltr'>quorum</span> <span class='ocrx_word' id='word_1_85' title='bbox 701 1761 872 1843; x_wconf 87' lang='lat' dir='ltr'>utriusque</span> <span class='ocrx_word' id='word_1_86' title='bbox 887 1763 1053 1827; x_wconf 91' lang='lat' dir='ltr'>orationes</span> 
     </span>
     <span class='ocr_line' id='line_1_15' title="bbox 141 1864 1053 1950; baseline -0.001 -19"><span class='ocrx_word' id='word_1_87' title='bbox 141 1873 223 1931; x_wconf 89' lang='lat' dir='ltr'>sunt</span> <span class='ocrx_word' id='word_1_88' title='bbox 246 1867 282 1929; x_wconf 94' lang='lat' dir='ltr'>in</span> <span class='ocrx_word' id='word_1_89' title='bbox 306 1865 420 1950; x_wconf 89' lang='lat' dir='ltr'>primis</span> <span class='ocrx_word' id='word_1_90' title='bbox 443 1870 482 1927; x_wconf 91' lang='lat' dir='ltr'>ut</span> <span class='ocrx_word' id='word_1_91' title='bbox 507 1864 659 1928; x_wconf 89' lang='lat' dir='ltr'>Asiatico</span> <span class='ocrx_word' id='word_1_92' title='bbox 674 1865 708 1927; x_wconf 91' lang='lat' dir='ltr'>in</span> <span class='ocrx_word' id='word_1_93' title='bbox 725 1885 843 1948; x_wconf 84' lang='lat' dir='ltr'>genere</span> <span class='ocrx_word' id='word_1_94' title='bbox 858 1864 1053 1930; x_wconf 86' lang='lat' dir='ltr'>laudabiles.</span> 
     </span>
     <span class='ocr_line' id='line_1_16' title="bbox 144 1969 1055 2054; baseline -0.002 -18"><span class='ocrx_word' id='word_1_95' title='bbox 144 1969 251 2036; x_wconf 90' lang='lat' dir='ltr'>Aliud</span> <span class='ocrx_word' id='word_1_96' title='bbox 276 1974 391 2033; x_wconf 88' lang='lat' dir='ltr'>autern</span> <span class='ocrx_word' id='word_1_97' title='bbox 414 1990 520 2054; x_wconf 89' lang='lat' dir='ltr'>genus</span> <span class='ocrx_word' id='word_1_98' title='bbox 546 1975 686 2031; x_wconf 90' lang='lat' dir='ltr'>estnon</span> <span class='ocrx_word' id='word_1_99' title='bbox 709 1973 780 2031; x_wconf 84' lang='lat' dir='ltr'>tarn</span> <span class='ocrx_word' id='word_1_100' title='bbox 802 1971 972 2033; x_wconf 87' lang='lat' dir='ltr'>sententiis</span> <span class='ocrx_word' id='word_1_101' title='bbox 994 1970 1055 2034; x_wconf 84' lang='lat' dir='ltr'>sre-</span> 
     </span>
     <span class='ocr_line' id='line_1_17' title="bbox 142 2073 1054 2160; baseline 0 -20"><span class='ocrx_word' id='word_1_102' title='bbox 142 2082 344 2160; x_wconf 89' lang='lat' dir='ltr'>quentatum</span> <span class='ocrx_word' id='word_1_103' title='bbox 367 2095 470 2158; x_wconf 85' lang='lat' dir='ltr'>quam</span> <span class='ocrx_word' id='word_1_104' title='bbox 486 2075 590 2137; x_wconf 87' lang='lat' dir='ltr'>verbis</span> <span class='ocrx_word' id='word_1_105' title='bbox 606 2073 736 2137; x_wconf 89' lang='lat' dir='ltr'>volucre</span> <span class='ocrx_word' id='word_1_106' title='bbox 752 2079 852 2158; x_wconf 91' lang='lat' dir='ltr'>atque</span> <span class='ocrx_word' id='word_1_107' title='bbox 867 2076 1054 2156; x_wconf 88' lang='lat' dir='ltr'>incitatum,</span> 
     </span>
     <span class='ocr_line' id='line_1_18' title="bbox 141 2177 1054 2267; baseline 0 -21"><span class='ocrx_word' id='word_1_108' title='bbox 141 2182 237 2267; x_wconf 93' lang='lat' dir='ltr'>quali</span> <span class='ocrx_word' id='word_1_109' title='bbox 259 2187 310 2244; x_wconf 90' lang='lat' dir='ltr'>est</span> <span class='ocrx_word' id='word_1_110' title='bbox 332 2201 421 2244; x_wconf 90' lang='lat' dir='ltr'>nunc</span> <span class='ocrx_word' id='word_1_111' title='bbox 446 2179 528 2243; x_wconf 90' lang='lat' dir='ltr'>Asia</span> <span class='ocrx_word' id='word_1_112' title='bbox 542 2184 615 2242; x_wconf 90' lang='lat' dir='ltr'>tota</span> <span class='ocrx_word' id='word_1_113' title='bbox 630 2201 691 2243; x_wconf 90' lang='lat' dir='ltr'>nee</span> <span class='ocrx_word' id='word_1_114' title='bbox 706 2177 843 2243; x_wconf 90' lang='lat' dir='ltr'>flumine</span> <span class='ocrx_word' id='word_1_115' title='bbox 859 2180 968 2245; x_wconf 89' lang='lat' dir='ltr'>solum</span> <span class='ocrx_word' id='word_1_116' title='bbox 984 2204 1054 2246; x_wconf 92' lang='lat' dir='ltr'>ora·</span> 
     </span>
     <span class='ocr_line' id='line_1_19' title="bbox 142 2286 1055 2372; baseline 0 -20"><span class='ocrx_word' id='word_1_117' title='bbox 142 2288 247 2353; x_wconf 83' lang='lat' dir='ltr'>tionis</span> <span class='ocrx_word' id='word_1_118' title='bbox 263 2286 321 2349; x_wconf 90' lang='lat' dir='ltr'>sed</span> <span class='ocrx_word' id='word_1_119' title='bbox 337 2287 439 2349; x_wconf 84' lang='lat' dir='ltr'>etiam</span> <span class='ocrx_word' id='word_1_120' title='bbox 455 2291 612 2349; x_wconf 87' lang='lat' dir='ltr'>exornato</span> <span class='ocrx_word' id='word_1_121' title='bbox 628 2292 663 2348; x_wconf 89' lang='lat' dir='ltr'>et</span> <span class='ocrx_word' id='word_1_122' title='bbox 677 2286 785 2349; x_wconf 84' lang='lat' dir='ltr'>faceto</span> <span class='ocrx_word' id='word_1_123' title='bbox 810 2308 928 2372; x_wconf 85' lang='lat' dir='ltr'>genere</span> <span class='ocrx_word' id='word_1_124' title='bbox 943 2291 1055 2352; x_wconf 90' lang='lat' dir='ltr'>verbo·</span> 
     </span>
     <span class='ocr_line' id='line_1_20' title="bbox 141 2389 1054 2475; baseline 0.002 -18"><span class='ocrx_word' id='word_1_125' title='bbox 141 2414 229 2472; x_wconf 87' lang='lat' dir='ltr'>rum,</span> <span class='ocrx_word' id='word_1_126' title='bbox 251 2392 287 2454; x_wconf 89' lang='lat' dir='ltr'>in</span> <span class='ocrx_word' id='word_1_127' title='bbox 313 2411 381 2473; x_wconf 90' lang='lat' dir='ltr'>quo</span> <span class='ocrx_word' id='word_1_128' title='bbox 409 2389 474 2454; x_wconf 87' lang='lat' dir='ltr'>suit</span> <span class='ocrx_word' id='word_1_129' title='bbox 505 2390 691 2475; x_wconf 88' lang='lat' dir='ltr'>Aeschylus</span> <span class='ocrx_word' id='word_1_130' title='bbox 724 2391 864 2457; x_wconf 86' lang='lat' dir='ltr'>Cnidius</span> <span class='ocrx_word' id='word_1_131' title='bbox 894 2399 928 2457; x_wconf 87' lang='lat' dir='ltr'>et</span> <span class='ocrx_word' id='word_1_132' title='bbox 957 2416 1054 2460; x_wconf 90' lang='lat' dir='ltr'>meus</span> 
     </span>
     <span class='ocr_line' id='line_1_21' title="bbox 143 2494 1055 2580; baseline 0.002 -18"><span class='ocrx_word' id='word_1_133' title='bbox 143 2496 296 2580; x_wconf 88' lang='lat' dir='ltr'>aequalis</span> <span class='ocrx_word' id='word_1_134' title='bbox 320 2495 472 2559; x_wconf 89' lang='lat' dir='ltr'>Milesius</span> <span class='ocrx_word' id='word_1_135' title='bbox 495 2494 687 2558; x_wconf 86' lang='lat' dir='ltr'>Aeschines.</span> <span class='ocrx_word' id='word_1_136' title='bbox 731 2496 770 2559; x_wconf 92' lang='lat' dir='ltr'>In</span> <span class='ocrx_word' id='word_1_137' title='bbox 793 2497 843 2560; x_wconf 92' lang='lat' dir='ltr'>his</span> <span class='ocrx_word' id='word_1_138' title='bbox 858 2504 929 2562; x_wconf 90' lang='lat' dir='ltr'>erat</span> <span class='ocrx_word' id='word_1_139' title='bbox 950 2500 1055 2563; x_wconf 92' lang='lat' dir='ltr'>admi·</span> 
     </span>
     <span class='ocr_line' id='line_1_22' title="bbox 141 2601 1056 2677; baseline -0.002 -9"><span class='ocrx_word' id='word_1_140' title='bbox 141 2602 256 2668; x_wconf 82' lang='lat' dir='ltr'>rabilis</span> <span class='ocrx_word' id='word_1_141' title='bbox 272 2601 430 2664; x_wconf 91' lang='lat' dir='ltr'>orationis</span> <span class='ocrx_word' id='word_1_142' title='bbox 445 2619 569 2677; x_wconf 87' lang='lat' dir='ltr'>cursus,</span> <span class='ocrx_word' id='word_1_143' title='bbox 585 2606 701 2663; x_wconf 88' lang='lat' dir='ltr'>ornata</span> <span class='ocrx_word' id='word_1_144' title='bbox 725 2601 964 2665; x_wconf 84' lang='lat' dir='ltr'>sententiarum</span> <span class='ocrx_word' id='word_1_145' title='bbox 979 2625 1056 2666; x_wconf 90' lang='lat' dir='ltr'>con·</span> 
     </span>
     <span class='ocr_line' id='line_1_23' title="bbox 143 2703 1056 2787; baseline -0.002 -15"><span class='ocrx_word' id='word_1_146' title='bbox 143 2708 289 2772; x_wconf 87' lang='lat' dir='ltr'>cinnitas</span> <span class='ocrx_word' id='word_1_147' title='bbox 318 2727 383 2769; x_wconf 91' lang='lat' dir='ltr'>non</span> <span class='ocrx_word' id='word_1_148' title='bbox 410 2710 488 2769; x_wconf 89' lang='lat' dir='ltr'>erat.</span> <span class='ocrx_word' id='word_1_149' title='bbox 531 2703 605 2767; x_wconf 82' lang='lat'>326.</span> <span class='ocrx_word' id='word_1_150' title='bbox 636 2704 731 2767; x_wconf 84' lang='lat' dir='ltr'>Haec</span> <span class='ocrx_word' id='word_1_151' title='bbox 760 2710 882 2784; x_wconf 89' lang='lat' dir='ltr'>autem,</span> <span class='ocrx_word' id='word_1_152' title='bbox 908 2711 948 2769; x_wconf 93' lang='lat' dir='ltr'>ut</span> <span class='ocrx_word' id='word_1_153' title='bbox 977 2706 1056 2787; x_wconf 88' lang='lat' dir='ltr'>dixi,</span> 
     </span>
     <span class='ocr_line' id='line_1_24' title="bbox 143 2808 1055 2901; baseline -0.001 -25"><span class='ocrx_word' id='word_1_154' title='bbox 143 2833 269 2901; x_wconf 87' lang='lat' dir='ltr'>genera</span> <span class='ocrx_word' id='word_1_155' title='bbox 292 2810 423 2875; x_wconf 89' lang='lat' dir='ltr'>dicendi</span> <span class='ocrx_word' id='word_1_156' title='bbox 449 2811 577 2895; x_wconf 87' lang='lat' dir='ltr'>aptiora</span> <span class='ocrx_word' id='word_1_157' title='bbox 603 2815 682 2873; x_wconf 90' lang='lat' dir='ltr'>sunt</span> <span class='ocrx_word' id='word_1_158' title='bbox 708 2808 990 2892; x_wconf 82' lang='lat' dir='ltr'>adolescentibus3</span> <span class='ocrx_word' id='word_1_159' title='bbox 1020 2812 1055 2876; x_wconf 90' lang='lat' dir='ltr'>iu</span> 
     </span>
     <span class='ocr_line' id='line_1_25' title="bbox 143 2914 1057 3001; baseline -0.003 -19"><span class='ocrx_word' id='word_1_160' title='bbox 143 2919 282 2983; x_wconf 90' lang='lat' dir='ltr'>senibus</span> <span class='ocrx_word' id='word_1_161' title='bbox 297 2917 492 3001; x_wconf 83' lang='lat' dir='ltr'>gravitatem</span> <span class='ocrx_word' id='word_1_162' title='bbox 509 2936 576 2978; x_wconf 89' lang='lat' dir='ltr'>non</span> <span class='ocrx_word' id='word_1_163' title='bbox 599 2914 732 2977; x_wconf 86' lang='lat' dir='ltr'>habent.</span> <span class='ocrx_word' id='word_1_164' title='bbox 777 2915 895 2998; x_wconf 88' lang='lat' dir='ltr'>Itaque</span> <span class='ocrx_word' id='word_1_165' title='bbox 917 2916 1057 2979; x_wconf 82' lang='lat' dir='ltr'>Horten-</span> 
     </span>
     <span class='ocr_line' id='line_1_26' title="bbox 143 3018 1058 3106; baseline -0.003 -18"><span class='ocrx_word' id='word_1_166' title='bbox 143 3024 217 3089; x_wconf 91' lang='lat' dir='ltr'>sius</span> <span class='ocrx_word' id='word_1_167' title='bbox 253 3029 393 3104; x_wconf 86' lang='lat' dir='ltr'>utroque</span> <span class='ocrx_word' id='word_1_168' title='bbox 423 3040 540 3106; x_wconf 85' lang='lat' dir='ltr'>genere</span> <span class='ocrx_word' id='word_1_169' title='bbox 570 3018 689 3083; x_wconf 88' lang='lat' dir='ltr'>florens</span> <span class='ocrx_word' id='word_1_170' title='bbox 722 3018 882 3083; x_wconf 86' lang='lat' dir='ltr'>clamores</span> <span class='ocrx_word' id='word_1_171' title='bbox 914 3019 1058 3086; x_wconf 86' lang='lat' dir='ltr'>faciebat</span> 
     </span>
     <span class='ocr_line' id='line_1_27' title="bbox 145 3122 1059 3194; baseline -0.003 -1"><span class='ocrx_word' id='word_1_172' title='bbox 145 3128 350 3194; x_wconf 83' lang='lat' dir='ltr'>adolescens.</span> <span class='ocrx_word' id='word_1_173' title='bbox 397 3126 552 3189; x_wconf 87' lang='lat' dir='ltr'>Habebat</span> <span class='ocrx_word' id='word_1_174' title='bbox 575 3124 665 3187; x_wconf 91' lang='lat' dir='ltr'>enim</span> <span class='ocrx_word' id='word_1_175' title='bbox 692 3129 726 3186; x_wconf 91' lang='lat' dir='ltr'>et</span> <span class='ocrx_word' id='word_1_176' title='bbox 749 3122 950 3188; x_wconf 90' lang='lat' dir='ltr'>Meneclium</span> <span class='ocrx_word' id='word_1_177' title='bbox 974 3125 1059 3190; x_wconf 91' lang='lat' dir='ltr'>illud</span> 
     </span>
     <span class='ocr_line' id='line_1_28' title="bbox 144 3231 1058 3311; baseline -0.007 -12"><span class='ocrx_word' id='word_1_178' title='bbox 144 3234 299 3300; x_wconf 86' lang='lat' dir='ltr'>studium</span> <span class='ocrx_word' id='word_1_179' title='bbox 315 3233 499 3295; x_wconf 88' lang='lat' dir='ltr'>crebrarum</span> <span class='ocrx_word' id='word_1_180' title='bbox 514 3234 796 3311; x_wconf 77' lang='lat' dir='ltr'>venustarumque</span> <span class='ocrx_word' id='word_1_181' title='bbox 809 3231 1058 3310; x_wconf 85' lang='lat' dir='ltr'>sententiarum,</span> 
     </span>
     <span class='ocr_line' id='line_1_29' title="bbox 144 3334 1058 3423; baseline -0.007 -18"><span class='ocrx_word' id='word_1_182' title='bbox 144 3342 181 3406; x_wconf 85' lang='lat' dir='ltr'>in</span> <span class='ocrx_word' id='word_1_183' title='bbox 197 3340 320 3423; x_wconf 92' lang='lat' dir='ltr'>quibus</span> <span class='ocrx_word' id='word_1_184' title='bbox 335 3338 423 3401; x_wconf 86' lang='lat' dir='ltr'>utin</span> <span class='ocrx_word' id='word_1_185' title='bbox 438 3336 494 3400; x_wconf 92' lang='lat' dir='ltr'>illo</span> <span class='ocrx_word' id='word_1_186' title='bbox 512 3334 641 3398; x_wconf 85' lang='lat' dir='ltr'>Graeco</span> <span class='ocrx_word' id='word_1_187' title='bbox 657 3334 703 3397; x_wconf 90' lang='lat' dir='ltr'>sic</span> <span class='ocrx_word' id='word_1_188' title='bbox 718 3334 752 3397; x_wconf 92' lang='lat' dir='ltr'>in</span> <span class='ocrx_word' id='word_1_189' title='bbox 775 3335 837 3398; x_wconf 90' lang='lat' dir='ltr'>hoc</span> <span class='ocrx_word' id='word_1_190' title='bbox 852 3342 945 3398; x_wconf 88' lang='lat' dir='ltr'>erant</span> <span class='ocrx_word' id='word_1_191' title='bbox 959 3356 1058 3418; x_wconf 91' lang='lat' dir='ltr'>quae·</span> 
     </span>
     <span class='ocr_line' id='line_1_30' title="bbox 144 3439 1058 3529; baseline -0.004 -19"><span class='ocrx_word' id='word_1_192' title='bbox 144 3446 227 3510; x_wconf 88' lang='lat' dir='ltr'>dam</span> <span class='ocrx_word' id='word_1_193' title='bbox 247 3443 356 3529; x_wconf 85' lang='lat' dir='ltr'>magis</span> <span class='ocrx_word' id='word_1_194' title='bbox 370 3446 531 3506; x_wconf 88' lang='lat' dir='ltr'>venustae</span> <span class='ocrx_word' id='word_1_195' title='bbox 547 3439 726 3521; x_wconf 86' lang='lat' dir='ltr'>dulcesque</span> <span class='ocrx_word' id='word_1_196' title='bbox 749 3440 933 3504; x_wconf 89' lang='lat' dir='ltr'>sententiae</span> <span class='ocrx_word' id='word_1_197' title='bbox 955 3462 1058 3523; x_wconf 90' lang='lat' dir='ltr'>quam</span> 
     </span>
     <span class='ocr_line' id='line_1_31' title="bbox 147 3543 1058 3625; baseline -0.005 -8"><span class='ocrx_word' id='word_1_198' title='bbox 147 3557 209 3617; x_wconf 87' lang='lat' dir='ltr'>aut</span> <span class='ocrx_word' id='word_1_199' title='bbox 224 3549 430 3615; x_wconf 84' lang='lat' dir='ltr'>necessariae</span> <span class='ocrx_word' id='word_1_200' title='bbox 445 3552 505 3610; x_wconf 91' lang='lat' dir='ltr'>aut</span> <span class='ocrx_word' id='word_1_201' title='bbox 518 3545 685 3609; x_wconf 91' lang='lat' dir='ltr'>interdum</span> <span class='ocrx_word' id='word_1_202' title='bbox 700 3543 808 3625; x_wconf 85' lang='lat' dir='ltr'>utiles,</span> <span class='ocrx_word' id='word_1_203' title='bbox 820 3551 854 3610; x_wconf 89' lang='lat' dir='ltr'>et</span> <span class='ocrx_word' id='word_1_204' title='bbox 868 3552 938 3610; x_wconf 87' lang='lat' dir='ltr'>erat</span> <span class='ocrx_word' id='word_1_205' title='bbox 953 3547 1058 3612; x_wconf 85' lang='lat' dir='ltr'>oratio</span> 
     </span>
    </p>
   </div>
   <div class='ocr_carea' id='block_1_3' title="bbox 0 0 1288 4117">
    <p class='ocr_par' dir='ltr' id='par_1_4' title="bbox 0 0 1288 4117">
     <span class='ocr_line' id='line_1_32' title="bbox 0 0 1288 4117; baseline 0 0"><span class='ocrx_word' id='word_1_206' title='bbox 0 0 1288 4117; x_wconf 95' lang='lat' dir='ltr'> </span> 
     </span>
    </p>
   </div>
  </div>
 </body>
</html>
