2542 4117
445 339 581 383 murus.
625 339 696 383 cra.
718 340 813 385 xxix.
1042 321 1085 388 ὦ

168 512 238 557 uus
268 491 365 557 facile
385 492 529 579 agitavit
556 492 592 557 in
620 494 792 558 tribunatu
826 494 864 558 Ο.
895 495 1085 560 Gracchum

168 597 323 684 paullum
349 603 460 662 aetate
482 598 692 662 antecedens.
737 598 819 663 Fuit
840 600 929 663 enirn
952 600 999 664 NL
1022 600 1086 664 Le·

169 703 254 788 pido
270 709 305 767 et
320 702 358 767 1.
377 702 495 767 Oreste
516 701 707 767 consulibua
725 710 880 786 quaestor
903 703 1086 785 Gracchus,

167 809 328 872 tribunus
354 807 498 886 Pennus,
521 807 610 871 iliius
639 808 686 872 NL
715 806 812 889 filine,
841 809 901 892 qui
929 829 1007 873 curn
1041 809 1085 888 Q.

170 913 274 977 Aelio
296 911 414 976 consul
434 910 515 975 fnit:
539 912 596 976 sed
611 913 641 976 is
657 914 771 977 omnia
792 934 927 978 summa
950 934 1085 999 aperana

170 1016 348 1081 aedilicius
370 1023 421 1080 est
442 1024 601 1081 mortuus.
649 1018 735 1081 Nam
756 1018 797 1081 de
822 1018 861 1083 Τ.
882 1018 1086 1099 Flaminino,

171 1144 277 1207 quem
292 1124 363 1207 ipae
378 1121 454 1202 vidi,
470 1123 552 1187 nihil
568 1124 680 1209 accepi
696 1124 761 1189 nisi
777 1124 898 1189 Latine
913 1123 1087 1211 diligenter

171 1228 335 1293 locutum.

223 1334 349 1399 XXIX„
393 1334 466 1399 110.
491 1334 554 1398 His
576 1334 726 1419 adjuncti
747 1341 826 1399 eunt
850 1336 887 1399 C.
913 1334 1014 1400 Curio
1039 1333 1086 1399 M.

52 1489 68 1506 .
176 1439 326 1504 Scaurus
355 1440 391 1503 P.
418 1439 565 1505 Rutilius
594 1439 632 1502 0.
657 1439 835 1522 Gracchus.
880 1440 931 1505 De
959 1440 1086 1506 Scauro

174 1551 212 1609 et
241 1544 366 1609 Rutilio
392 1546 532 1609 breviter
556 1545 633 1609 licet
662 1545 777 1624 dicere,
803 1566 944 1628 quorum
970 1552 1087 1609 neuter

173 1651 302 1714 summi
326 1650 465 1713 oratoris
487 1649 605 1714 habuit
634 1649 780 1728 laudem,
807 1649 864 1713 et*
892 1656 1029 1733 uterque
1052 1650 1087 1713 in

173 1755 292 1819 multis
314 1755 427 1819 caucia
448 1761 597 1818 versatus
620 1762 699 1818 erat.
745 1755 784 1818 In
799 1754 998 1837 quibusdam
1017 1755 1088 1818 lau·

173 1860 297 1924 dandis
306 1859 334 1889 ⁴*
348 1860 435 1939 viris,
446 1859 580 1924 etiamsi
593 1860 733 1923 maximi
746 1860 873 1945 ingenii
889 1880 956 1923 non
967 1865 1087 1938 essent,

174 1965 354 2051 probabilia
376 1971 491 2029 tamen
513 1964 694 2047 industria;
716 1985 922 2049 quamquam
945 1964 995 2029 hia
1017 1964 1088 2047 qui·

175 2070 255 2134 dem
278 2091 345 2134 nou
367 2072 506 2135 omnino
527 2071 701 2157 ingenium
724 2070 783 2134 aed
799 2070 978 2135 oratorium
998 2070 1088 2155 inge·

175 2176 274 2239 nium
303 2174 419 2240 defuit.
465 2176 584 2260 Neque
614 2177 704 2240 enim
732 2175 830 2240 refert
858 2175 976 2254 videre,
1006 2173 1088 2258 quid

175 2280 356 2346 dicendum
387 2283 439 2361 sit,
466 2283 530 2346 nisi
554 2281 590 2345 id
618 2303 723 2366 queas
753 2282 860 2345 solute
885 2287 920 2345 et
943 2281 1089 2345 suaviter

176 2385 294 2449 dicere.
339 2386 394 2451 Ne
419 2387 454 2451 id
479 2388 615 2471 quidem
643 2388 723 2451 satis
750 2393 809 2466 eet,
837 2386 901 2450 nisi
928 2386 971 2465 id,
996 2384 1089 2469 quud

176 2490 307 2569 dicitur,
330 2488 368 2554 fit
393 2512 474 2555 voce
495 2493 590 2557 vultu
615 2500 776 2575 motuque
803 2491 978 2555 conditius.
1016 2490 1089 2554 111.

180 2595 278 2674 Quid
291 2594 403 2659 dicam
419 2617 503 2680 opus
518 2617 590 2661 ease
605 2595 778 2661 doctrina?
800 2597 872 2659 sine
891 2615 968 2678 qua,
984 2594 1088 2659 etiam

179 2702 208 2765 ei
231 2700 313 2783 quid
334 2704 419 2764 bene
434 2700 553 2764 dicitur
567 2701 745 2786 adjuvante
765 2707 893 2780 natura,
908 2706 1022 2764 tamen
1044 2699 1089 2780 id,

179 2806 260 2890 quia
275 2805 410 2870 fortuito
425 2804 472 2886 fit,
488 2827 616 2891 semper
630 2813 784 2891 paratum
799 2813 872 2870 eise
889 2827 955 2870 non
971 2812 1089 2891 potest.

182 2911 220 2975 In
254 2910 370 2975 Scauri
401 2913 549 2976 oratione
580 2912 739 2996 sapientis
769 2912 914 2977 hominis
945 2917 980 2975 et
1010 2910 1091 2974 recti

179 3019 326 3104 gravitas
358 3037 492 3081 summa
523 3023 557 3080 et
589 3017 749 3080 naturalia
781 3016 949 3100 quaedam
981 3016 1092 3079 inerat

179 3123 371 3201 auctoritas,
398 3143 465 3185 non
487 3128 526 3186 ut
549 3141 685 3186 caueam
714 3121 771 3184 aed
794 3128 832 3185 ut
856 3121 1089 3184 testimonium

179 3227 289 3291 dicere
311 3235 453 3312 putares,
475 3247 633 3312 cumpro
660 3247 716 3289 reo
743 3223 872 3289 diceret.
917 3225 990 3289 112.
1015 3224 1091 3289 Hoc

213 3400 227 3424 “
242 3402 352 3451 Emerui:
368 3409 402 3450 at.
435 3400 581 3451 Schneider:
597 3397 648 3450 eui.

212 3481 239 3508 '⁴'
257 3484 303 3532 Ed.
320 3483 394 3532 Rom.
410 3483 459 3532 aud
476 3482 575 3547 Meyer:
595 3480 624 3531 In
641 3480 774 3545 qmbusdam
792 3480 906 3531 hadardi
920 3479 982 3543 υἰνί,Ι
1002 3478 1094 3531 etiarm

177 3565 277 3615 maxim
291 3563 377 3630 iacenti
386 3580 431 3615 aon
441 3571 521 3623 m,
528 3562 657 3630 motabiles
667 3571 742 3614 ramea
752 3562 876 3615 indicum.
