2542 4117
203 301 247 368 72
486 320 621 364 saurus.
665 320 736 380 cnr.
759 320 828 364 nir.

205 473 271 539 Hic
298 472 352 537 ille
374 472 416 538 de
446 473 571 558 populo
597 472 711 559 judex,
740 474 799 556 qui
829 474 1009 558 separatim
1039 471 1130 538 alte·

202 599 275 643 rum
292 579 476 642 admiratus
491 586 586 658 esset,
598 578 687 642 idem
703 579 820 642 audito
835 578 937 642 altero
948 579 1128 663 judicium

202 704 304 747 suum
319 690 562 747 contemneret:
584 689 711 747 atvero
732 683 919 769 intelligens
942 690 977 747 et
999 685 1130 747 doetus

202 788 343 852 audiens
361 787 557 852 Scaevolam
574 789 709 851 sentiret
732 809 804 851 esse
824 788 996 871 quoddam
1012 787 1130 851 uberi·

203 914 244 957 us
258 892 388 957 dicendi
404 914 509 978 genus
525 898 559 955 et
573 893 731 957 ornatius.
775 894 829 957 Ab
845 899 985 976 utroque
1001 900 1128 957 autem

202 1020 306 1064 causa
321 1004 470 1083 perorata
486 998 514 1061 si
529 1005 748 1081 quaereretur,
763 1005 836 1062 uter
851 1004 1034 1083 praestaret
1049 1019 1130 1062 ora·

202 1110 263 1183 tor,
279 1124 452 1187 nunquam
476 1102 622 1189 prolecto
639 1104 798 1188 sapientis
809 1102 975 1188 judiciuin
991 1126 1014 1167 a
1031 1104 1129 1188 judi·

205 1209 258 1273 oio
273 1209 367 1294 vulgi
386 1208 591 1293 discreparet
650 1208 743 1272 LIV.
781 1208 853 1273 199.
878 1208 950 1287 Qui
972 1215 1130 1293 praestet

202 1313 304 1398 igitur
325 1311 513 1398 intelligens
535 1312 713 1397 imperito?
736 1334 862 1398 magna
875 1335 909 1376 re
925 1320 959 1377 et
974 1312 1127 1393 difficili3

203 1418 231 1482 si
247 1416 382 1499 quidem
399 1438 560 1501 magnum
576 1423 628 1482 est
642 1418 733 1494 scire,
748 1419 869 1500 quibus
884 1420 981 1481 rebus
996 1417 1128 1482 efficia·

201 1527 257 1586 tur
272 1521 486 1585 amittaturve
501 1521 643 1585 dicendo
664 1522 755 1602 illud,
770 1522 930 1606 quidquid
952 1530 1012 1601 est,
1028 1522 1127 1607 quod

203 1633 265 1692 aut
279 1625 365 1691 effici
379 1626 520 1691 dicendo
536 1634 676 1712 oportet,
691 1635 752 1692 aut
771 1628 881 1691 amitti
896 1649 963 1691 non
979 1634 1126 1713 oportet

204 1732 359 1799 Praestat
380 1734 485 1797 etiam
508 1725 576 1796 illo'
586 1733 706 1797 doctus
721 1731 854 1797 auditor
868 1732 1012 1811 indocto,
1028 1731 1126 1816 quod

204 1860 314 1924 saepe,
330 1859 408 1903 curn
425 1844 568 1902 oratores
583 1837 652 1902 duo
667 1845 727 1902 aut
741 1837 851 1923 plures
866 1838 978 1924 populi
991 1838 1126 1923 judicio
1253 1837 1257 1888 ἲ

204 1947 394 2029 probantur,
410 1943 500 2026 quod
523 1943 655 2007 dicendi
678 1964 784 2028 genus
807 1943 973 2028 optimum
996 1944 1050 2022 sit,
1072 1942 1126 2008 in·
1253 1961 1260 2034 ¹¹

203 2049 341 2135 telligit:
364 2069 443 2112 nam
470 2047 562 2125 illud,
584 2048 676 2132 quod
699 2048 824 2133 populo
854 2070 921 2112 non
952 2051 1125 2134 probatur,

204 2175 247 2218 ne
277 2152 476 2237 intelligenti
505 2152 642 2236 quidem
668 2153 812 2217 auditori
838 2154 968 2238 probari
999 2160 1124 2238 potest.

207 2257 255 2321 Ut
276 2258 366 2322 enim
381 2278 422 2320 ex
438 2277 611 2320 nervorum
631 2278 715 2321 sono
729 2258 765 2321 in
786 2256 918 2337 fidibus,
932 2279 1036 2341 quam
1060 2258 1124 2322 sci·

205 2370 296 2428 enter
318 2363 350 2426 ei
372 2362 460 2447 pulsi
483 2363 559 2441 sint,
575 2362 716 2449 intelligi
739 2363 840 2443 solet;
862 2364 911 2426 sic
932 2384 973 2426 ex
991 2364 1124 2427 animo-

204 2488 279 2531 rum
302 2474 399 2531 motu
422 2468 574 2546 cernitur,
589 2467 671 2551 quid
693 2467 876 2531 tractandis
899 2468 948 2531 his
971 2466 1124 2552 perficiat

205 2580 323 2637 orator.
367 2572 441 2637 200.
466 2573 583 2656 Itaque
598 2572 785 2657 intelligens
800 2571 931 2636 dicendi
951 2574 1124 2636 existima·

203 2687 256 2745 tor
279 2701 345 2744 non
369 2680 518 2744 assidens
534 2685 568 2744 et
582 2685 710 2743 attente
725 2678 866 2742 audiens
888 2678 947 2741 sed
969 2699 1037 2741 uno
1062 2678 1124 2743 ed·

205 2792 322 2872 spectu
352 2792 386 2850 et
418 2786 618 2871 praeteriens
641 2785 683 2847 de
705 2790 833 2848 oratore
860 2804 959 2868 saepe
982 2784 1124 2868 judicat.

207 2892 312 2957 Videt
335 2892 533 2956 oscitantem
555 2889 703 2973 judicem
716 2889 907 2971 loquentem
922 2910 1000 2952 oum
1017 2888 1123 2953 altero

206 3019 449 3082 nonnunquam
478 2997 582 3060 etiam
611 2994 829 3059 circulantem
861 2995 1050 3058 mittentem
1077 2994 1123 3058 ad

206 3107 303 3170 horas
318 3104 552 3188 quaesitorem,
565 3109 604 3164 ut
618 3100 776 3178 dimittat,
791 3106 983 3184 rogantem3
1001 3098 1126 3163 intelli..

205 3210 255 3296 git
277 3215 439 3273 oratorem
461 3209 497 3271 in
520 3229 561 3271 ea
579 3227 682 3270 causa
705 3226 771 3268 non
793 3204 919 3284 adesse,
934 3206 992 3288 qui
1015 3206 1124 3289 possit

205 3316 328 3378 animis
353 3313 505 3399 judicum
533 3312 709 3375 admovere
733 3312 915 3375 orationem
943 3317 1122 3393 tamquam

204 3413 328 3483 fidibus
353 3438 502 3482 manum.
549 3417 641 3480 Idem
665 3418 695 3480 si
716 3417 915 3502 praeteriens
934 3415 1124 3500 adspexerit

203 3530 329 3588 erectos
358 3525 527 3588 intuentes
552 3522 692 3606 judiees,
722 3528 761 3585 ut
789 3528 850 3586 aut
878 3522 988 3585 doceri
1014 3521 1057 3586 de
1086 3542 1123 3586 re
