2542 4117
445 309 582 354 saurus.
627 309 698 352 car.
721 311 775 354 xc.
1002 289 1065 355 119

151 463 260 526 eebat.
309 462 419 545 Atque
446 462 524 526 huic
549 484 639 527 anno
666 463 835 547 proximus
867 462 960 528 Sulla
989 486 1066 528 con·

151 567 226 631 sule
243 573 278 630 et
295 566 455 652 Pompeio
479 566 550 632 suit.
598 568 688 631 Tum
705 568 740 631 P.
759 567 898 653 Sulpicii
914 569 948 631 in
964 570 1065 632 tribu·

151 678 238 736 natu
257 672 407 755 quotidie
421 673 649 737 concionantis
672 680 781 736 totum
805 696 910 758 genus
933 673 1065 737 dicendi

151 778 290 863 penitus
312 778 540 862 cognovimus.
586 777 783 861 Eodemque
805 784 962 863 tempore,
986 799 1064 842 cum

151 883 306 968 princeps
339 882 541 946 Academiae
573 882 668 947 Philo
698 905 776 947 cum
809 883 1063 948 Atheniensium

152 989 376 1072 optimatibus
401 987 627 1052 Mithridatico
643 989 729 1052 bello
749 989 850 1052 domo
867 987 1066 1074 profugisset

154 1094 368 1178 Romamque
390 1095 544 1176 venisset,
559 1102 669 1160 toturn
692 1097 723 1159 ei
746 1117 799 1160 me
818 1097 939 1160 tradidi
960 1095 1066 1159 admi·

151 1200 248 1264 rabili
264 1199 412 1283 quodam
429 1201 471 1263 ad
488 1199 733 1285 philosophiam
746 1202 857 1265 studio
870 1202 1065 1279 concitatus,

151 1306 281 1387 inquo
305 1306 366 1370 hoo
388 1307 491 1369 etiam
515 1307 745 1369 commorabar
767 1308 937 1386 attentius,
963 1305 1065 1389 quod,

152 1411 218 1474 etsi
232 1432 341 1473 rerum
356 1411 504 1494 ipsarum
517 1411 656 1473 varietas
673 1417 706 1474 et
721 1410 918 1496 magnitudo
931 1431 1066 1474 summa

153 1536 209 1579 me
239 1515 459 1578 delectatione
491 1516 662 1595 retinebat,
691 1521 805 1579 tamen
835 1515 966 1579 sublata
992 1516 1064 1600 jam

153 1640 227 1683 esse
258 1621 292 1682 in
320 1625 516 1703 perpetuum
542 1620 625 1683 ratio
654 1619 853 1703 judiciorum
882 1620 1066 1684 videbatur.

153 1724 229 1789 307.
257 1724 430 1788 Occiderat
456 1723 625 1808 Sulpicius
648 1724 703 1787 illo
726 1745 824 1804 annu,
839 1730 969 1808 tresque
994 1746 1066 1809 pro·

152 1830 245 1894 ximo
264 1830 365 1893 trium
388 1835 538 1893 aetatum
563 1834 706 1893 oratores
729 1835 822 1892 erant
840 1828 1065 1893 crudelissime

152 1933 317 1999 interlecti
350 1933 393 2012 Q.
426 1933 567 1997 Catulus
599 1933 646 1997 M.
680 1934 849 1998 Antonius
882 1933 921 1996 C.
945 1933 1064 1998 Julius.

154 2039 288 2108 Eodem
304 2059 392 2101 anno
408 2039 509 2102 etiam
530 2037 659 2103 Moloni
682 2039 814 2103 Rhodio
832 2038 961 2104 Romae
976 2039 1066 2103 dedi·

152 2165 231 2210 mus
255 2165 390 2229 operam
406 2150 440 2207 et
455 2145 558 2207 actori
581 2165 715 2207 summo
737 2166 915 2208 causarum
940 2151 974 2208 et
995 2165 1066 2208 ma·

153 2249 266 2336 gistro.
314 2248 386 2313 XC.
411 2247 506 2312 Haec
521 2249 583 2312 etsi
605 2248 758 2312 videntur
772 2270 845 2312 esse
860 2270 881 2313 a
896 2248 1065 2334 proposita

152 2356 283 2421 ratione
305 2354 441 2434 diversa,
456 2359 568 2417 tamen
591 2354 712 2417 idcirco
729 2376 749 2417 a
772 2374 826 2417 me
849 2353 1065 2438 proferuntur,

154 2466 195 2526 ut
218 2466 370 2526 nostrum
394 2480 527 2523 cursum
543 2460 732 2544 perspicere,
747 2459 907 2542 quoniam
923 2457 1066 2537 voluisti,

155 2565 271 2645 Brute,
301 2566 407 2649 possis
437 2565 531 2650 (nam
560 2564 673 2628 Attico
700 2565 781 2628 haec
808 2568 889 2627 nota
914 2563 1005 2646 sunt)
1032 2572 1067 2625 et

153 2670 275 2749 ridere,
291 2668 575 2752 quemadmodum
598 2669 704 2733 simus
726 2670 761 2733 in
784 2669 891 2754 spatio
918 2667 961 2746 Q.
985 2667 1067 2730 Hor·

153 2774 299 2838 tensium
316 2774 421 2858 ipsius
433 2774 581 2859 vestigiis
601 2774 773 2858 persecuti.
817 2772 890 2837 308.
916 2771 1066 2836 Trienni-

154 2900 214 2943 um
239 2877 304 2941 sere
330 2878 395 2943 fuit
417 2882 493 2942 urbs
517 2881 587 2943 sine
607 2881 716 2959 armis,
732 2879 791 2943 sed
812 2886 979 2944 oratorum
1005 2883 1066 2941 aut

153 2984 290 3048 interitu
303 2990 362 3047 aut
378 2984 524 3047 discessu
536 2990 596 3047 aut
611 2983 692 3069 suga
706 2985 798 3069 (nam
812 2986 947 3047 aberant
962 2985 1065 3046 etiarn

155 3088 384 3152 adolescentes
412 3088 459 3152 M.
486 3089 624 3152 Crassus
640 3095 674 3151 et
690 3087 827 3151 Lentuli
842 3087 922 3174 duo)
942 3088 1065 3172 primas

154 3193 191 3257 in
221 3194 333 3256 causis
359 3196 482 3278 agebat
512 3192 721 3272 Hortensius,
749 3194 857 3278 magis
887 3194 1064 3279 magisque

155 3297 305 3381 quotidie
331 3301 530 3382 probabatur
553 3298 730 3377 Antistius
754 3297 831 3361 Piso
860 3319 957 3383 saepe
980 3298 1065 3361 dice·

154 3403 224 3481 bat,
245 3403 357 3465 minus
380 3423 479 3487 saepe
507 3403 713 3487 Pomponius
735 3424 807 3465 raro
833 3403 940 3466 Carbo
962 3402 1066 3467 semel

156 3513 217 3573 aut
239 3507 362 3571 iterum
379 3506 562 3592 Philippus.
608 3508 655 3573 At
669 3529 746 3572 vero
762 3528 825 3592 ego
842 3508 904 3572 hoc
918 3514 1067 3595 tempore
