2542 4117
417 361 554 404 sauros.
599 361 670 404 cnr.
693 361 763 405 xx1.
1003 338 1047 404 2⁷

129 520 284 599 praetore
307 513 403 577 ludos
429 513 574 599 Apollini
601 514 753 593 faciente,
775 535 853 578 oum
877 514 1047 600 Thyesten

129 620 286 683 fabulam
309 620 488 697 docuisset,
508 619 550 698 Q.
572 618 699 682 Marcio
726 620 786 682 Cn.
811 618 948 683 Servilio
970 640 1047 683 con·

130 723 264 788 sulibus
291 731 429 788 mortem
455 724 537 786 obiit
565 724 705 788 Ennius.
750 724 802 787 79.
825 723 909 788 Erat
927 723 1046 787 iisdem

128 830 339 914 temporibus
367 829 418 892 Ti.
444 829 613 892 Gracchus
639 828 674 892 P.
700 828 748 908 F,
771 830 829 912 qui
852 829 903 892 bis
929 827 1047 893 consul

129 939 167 997 et
199 955 315 997 censor
343 932 416 1012 luit,
447 934 543 1018 cujus
575 939 627 997 est
658 935 763 997 oratio
796 933 925 997 Graeca
955 931 1046 1016 apud

131 1038 304 1119 Rhodios;
328 1060 426 1121 quem
451 1040 557 1102 civem
583 1060 661 1102 curn
689 1058 822 1122 gravem
846 1045 918 1101 turn
942 1038 1044 1101 etiarn

130 1145 346 1227 eloquentem
367 1151 498 1209 constat
520 1144 631 1207 luisse.
678 1143 714 1207 P.
730 1145 833 1207 etiarn
852 1143 1045 1227 Scipionem

131 1249 305 1330 Nasicam,
321 1251 379 1332 qui
400 1256 451 1313 est
476 1249 655 1312 Corculum
672 1248 866 1333 appellatus,
882 1249 940 1331 qui
963 1249 1045 1311 item

127 1356 184 1417 bis
210 1355 325 1418 consul
352 1360 386 1418 et
408 1376 523 1418 censor
546 1354 619 1433 luit,
646 1355 797 1416 habitum
825 1352 1045 1435 eloquentem,

132 1458 197 1547 [M.
225 1458 368 1546 aliurn]*
391 1459 489 1536 illius,
515 1461 582 1542 qui·
600 1480 693 1548 sacra
719 1458 889 1542 acceperit,
919 1455 1045 1519 filium:

129 1565 237 1627 etiarn
262 1564 301 1627 L.
328 1563 520 1644 Lentulum,
535 1564 594 1646 qui
614 1545 756 1627 oumO.
781 1561 901 1647 Figulo
928 1547 1047 1624 consul

128 1668 216 1732 fuit:
241 1667 283 1746 Q.
308 1669 514 1732 Nobiliorem
540 1668 587 1731 Μ.
614 1667 651 1731 F.
667 1668 739 1751 jam
762 1667 868 1751 patrio
892 1667 1046 1729 instituto

129 1773 284 1837 deditum
301 1773 411 1837 studio
427 1773 604 1852 literarum,
620 1773 679 1854 qui
703 1772 804 1834 etiam
824 1771 867 1849 Q.
885 1770 1046 1849 Ennium,

130 1880 194 1961 qui
215 1900 292 1942 eum
309 1885 399 1963 patre
422 1880 494 1962 ejus
515 1880 550 1942 in
580 1878 714 1942 Aetolia
737 1876 945 1954 militaverat,
968 1875 1047 1938 civi·

128 1987 204 2046 tate
219 1983 365 2062 donavit,
381 2004 459 2046 cum
475 1984 625 2047 triumvir
647 1981 813 2047 coloniam
836 1980 1044 2044 deduxisset:

129 2094 165 2151 et
180 2087 219 2150 Τ.
234 2088 384 2152 Annium
402 2088 562 2168 Luscum,
575 2088 674 2172 hujus
691 2087 733 2165 Q.
748 2087 860 2150 Fulvii
871 2084 1045 2169 collegam,

128 2213 202 2256 non
223 2192 419 2257 indisertum
435 2193 552 2257 dicunt
573 2192 685 2257 fuisse.
730 2191 782 2255 80.
807 2192 918 2274 Atque
942 2190 1044 2253 etiam

129 2296 171 2361 L.
199 2297 345 2377 Paullus,
377 2297 525 2362 Africani
549 2303 651 2384 pater,
682 2317 857 2383 personam
888 2294 1044 2379 principis

127 2404 213 2466 civis
235 2401 331 2467 facile
346 2402 488 2467 dicendo
503 2406 678 2484 tuebatur3
701 2410 734 2467 et
757 2423 832 2465 vero
848 2399 951 2464 etiam
970 2407 1044 2463 tum

132 2507 266 2571 Catone
295 2509 380 2588 vive,
411 2510 469 2592 qui
499 2530 606 2572 annos
630 2510 778 2592 quinque
808 2513 842 2570 et
871 2506 1045 2591 octoginta.

128 2619 232 2677 natus
254 2615 395 2677 excessit
417 2635 435 2677 e
458 2614 536 2692 vita,
551 2636 629 2678 cum
650 2614 786 2696 quidem
802 2632 842 2675 eo
857 2613 931 2695 ipso
955 2631 1045 2675 anno

128 2725 245 2782 contra
273 2717 340 2782 Ser.
369 2719 514 2783 Galbam
543 2718 586 2782 ad
618 2717 779 2802 populum
807 2736 942 2780 summa
968 2736 1046 2779 con·

128 2825 282 2887 tentione
313 2823 459 2903 dixisset,
486 2844 590 2907 quam
620 2824 724 2886 etiarn
754 2822 938 2885 orationem
970 2820 1045 2883 scri·

129 2934 227 3013 ptam
250 2928 390 3011 reliquit.
429 2928 523 2992 XXI.
554 2927 606 2992 81.
631 2927 699 2991 Sed
723 2928 798 2990 vivo
828 2926 959 2989 Catone
984 2924 1045 2987 mi·

160 3177 175 3203 s
192 3178 248 3228 The
259 3180 347 3229 textis
364 3180 489 3244 evidently
499 3185 608 3241 corrupt.
634 3178 684 3226 Ed.
695 3177 786 3237 Princ,
797 3175 878 3223 which
895 3174 983 3239 Meyer
998 3173 1044 3223 fol·

126 3260 205 3310 lows:
233 3261 336 3326 majorne.
375 3259 473 3311 Orelli’s
500 3260 672 3310 emendation:
698 3256 841 3321 eloquentem,
869 3254 938 3316 illius,
964 3255 1046 3305 matris

126 3340 194 3390 deum
210 3342 252 3405 qui
265 3357 334 3390 sacra
349 3342 467 3407 occeperit,
477 3342 599 3390 -wonld
614 3341 645 3390 be
661 3340 748 3404 highly
758 3339 879 3404 plausible
889 3353 953 3388 were
964 3338 984 3386 it
999 3347 1045 3389 not

123 3422 163 3472 for
180 3422 222 3471 tha
238 3424 414 3487 transposition
431 3423 460 3473 ol
471 3423 552 3471 matris
565 3421 639 3471 deum.
674 3421 779 3473 Schsstz:
802 3419 836 3469 P.
854 3420 959 3481 (Publii)
974 3417 1044 3481 illius,

125 3502 214 3554 Idaeae
229 3503 312 3552 matris
327 3504 368 3568 qni
382 3521 450 3553 saera
465 3504 561 3569 accepit,
571 3502 660 3567 filium.
687 3504 802 3554 Ellendt:
819 3500 903 3552 Publii
918 3499 987 3563 illius,
1002 3500 1043 3566 qui

127 3601 199 3636 sacra
215 3585 309 3652 accepit,
320 3584 410 3650 fllium.
