2542 4117
447 318 583 362 saurus.
629 320 700 362 car.
723 320 806 364 xnn.
1038 300 1081 365 55

165 478 256 553 sunt,
286 471 444 536 facillime
475 471 614 558 perspici
645 478 763 557 potest.
817 471 890 537 154.
924 473 1079 557 Cumque

164 578 318 642 discendi
347 599 450 641 causa
476 577 606 641 duobus
631 578 838 663 peritissimis
864 598 997 661 operam
1024 579 1080 643 de·

164 683 281 761 disset,
306 681 345 746 L
373 682 503 746 Lucilio
528 682 636 746 Balbo
668 688 701 746 et
734 681 772 746 Ο.
805 682 939 765 Aquilio
971 683 1080 764 Gallo,

168 787 272 866 Galli,
299 787 443 851 hominis
466 788 559 850 acuti
580 794 615 852 et
638 788 816 866 exercitati,
832 795 1022 872 promptam
1046 794 1081 852 et

164 898 322 978 paratam
336 893 371 955 in
388 891 519 978 agendo
536 899 569 957 et
583 893 619 956 in
634 892 863 977 respondendo
879 893 1079 957 celeritatem

166 998 352 1061 subtilitate
364 997 603 1082 diligentiaque
615 999 799 1083 superavit:
820 997 927 1078 Balbi,
942 998 1031 1063 docti
1046 1004 1082 1061 et

165 1103 289 1166 eruditi
312 1103 463 1181 hominis,
478 1103 513 1165 in
537 1109 677 1185 utraque
694 1124 728 1166 re
751 1103 996 1167 consideratam
1017 1109 1082 1167 tar·

166 1207 311 1272 ditatam
333 1209 412 1272 vicit
434 1209 648 1293 expediendis
664 1207 942 1293 conficiendisque
964 1211 1081 1273 rebus:

166 1313 274 1377 sicet
298 1313 405 1392 habet,
419 1314 509 1395 quod
532 1320 669 1396 uterque
692 1335 806 1378 eorum
829 1315 956 1393 habuit,
971 1321 1005 1378 et
1027 1336 1082 1378 cx·

166 1419 280 1504 plevit‚
296 1419 384 1500 quod
402 1420 532 1501 utrique
548 1418 662 1482 deluit
703 1419 775 1483 155.
801 1421 917 1504 Itaque
931 1426 970 1485 ut
987 1419 1083 1484 Cras·

167 1545 227 1587 sus
253 1524 334 1586 mihi
355 1524 487 1587 videtur
507 1524 692 1609 sapientius
716 1523 832 1588 secisse
852 1546 956 1608 quarn
983 1524 1082 1589 Scae·

166 1629 245 1693 vola
262 1630 330 1715 (hic
345 1630 434 1693 enim
450 1651 571 1693 causas
591 1631 739 1693 studiose
754 1631 942 1715 recipiebat,
957 1632 992 1694 in
1010 1632 1082 1713 qui·

168 1737 233 1798 bus
249 1757 271 1798 a
289 1734 409 1798 Crasso
426 1737 659 1819 superabatur3
675 1734 728 1798 ille
743 1756 779 1799 se
795 1735 924 1799 consuli
939 1734 1082 1814 nolebat,

169 1861 212 1903 ne
236 1861 302 1922 qua
323 1841 360 1903 in
381 1839 567 1903 reinserior
582 1846 671 1904 esset
692 1861 796 1923 quam
814 1839 1012 1924 Scaevola):
1035 1841 1082 1903 sic

172 1944 306 2009 Servius
333 1945 587 2029 sapientissime.
636 1945 725 2008 Cum
751 1946 840 2008 enim
863 1945 950 2008 duae
971 1943 1082 2008 civiles

169 2055 256 2113 artes
272 2070 312 2113 ac
327 2049 472 2113 forenses
489 2049 669 2134 plurimum
692 2056 726 2113 et
747 2050 858 2114 laudis
874 2051 1031 2114 haberent
1049 2055 1084 2113 et
1116 2099 1121 2106 .

168 2155 306 2240 gratiae,
323 2153 465 2239 perfecit,
480 2161 519 2218 ut
541 2154 644 2219 altera
665 2160 846 2241 praestaret
861 2156 1026 2234 omnibus,
1042 2176 1084 2218 ex

169 2260 273 2324 altera
295 2266 431 2324 tantum
456 2267 649 2340 assumeret,
674 2268 840 2343 quantum
867 2267 955 2324 esset
981 2266 1014 2325 et
1039 2260 1083 2325 ad

168 2364 334 2429 tuenduni
354 2366 409 2449 jus
425 2365 519 2428 civile
534 2371 568 2429 et
583 2365 626 2429 ad
642 2366 859 2430 obtinendam
875 2366 1082 2431 consularem

169 2469 372 2554 dignitatem
389 2471 479 2534 satis.
518 2469 591 2534 156.
617 2471 708 2534 Tum
724 2471 858 2551 Brutus,
875 2472 928 2536 Ita
943 2493 1085 2557 prorsus,

169 2575 290 2657 inquit,
319 2581 354 2639 et
383 2582 485 2639 antea
512 2578 673 2661 putabam
705 2576 833 2661 (audivi
860 2576 950 2639 enim
980 2597 1084 2661 nuper

170 2702 250 2744 eum
273 2681 420 2744 studiose
443 2686 485 2763 et
498 2679 683 2763 frequenter
700 2681 806 2759 Sami,
820 2701 898 2743 cum
915 2702 954 2743 ex
970 2702 1010 2743 eo
1028 2681 1084 2766 jus

170 2791 321 2849 nostrum
338 2784 555 2869 pontificium,
570 2808 638 2868 qua
654 2807 693 2848 ex
710 2793 801 2870 parte
817 2806 895 2849 cum
907 2786 979 2870 jure
995 2784 1083 2849 civili

169 2890 387 2974 conjunctum
412 2896 508 2969 esset,
536 2891 652 2955 vellem
679 2892 909 2976 cognoscere);
936 2896 969 2954 ct
996 2911 1085 2953 nunc

170 3016 287 3059 meum
298 2995 463 3079 judicium
475 2995 582 3060 multo
594 2997 703 3081 magis
718 2995 877 3059 confirmo
892 2995 1084 3063 testimonio

169 3107 205 3164 et
217 3100 344 3184 judicio
356 3106 433 3163 tuo:
450 3101 550 3164 slmul
561 3101 643 3164 illud
656 3101 797 3185 gaudeo,
809 3099 898 3181 quod
914 3105 948 3162 ct
963 3120 1084 3181 aequa·

167 3205 247 3270 litas
272 3212 380 3269 vestra
404 3212 438 3269 et
461 3227 555 3291 pares
577 3206 740 3268 honorum
761 3205 883 3290 gradus
905 3210 940 3268 et
961 3204 1084 3267 artium

169 3311 425 3393 studiorumque
455 3310 554 3392 quasi
587 3308 731 3373 finitima
764 3310 917 3373 vicinitas
948 3313 1084 3372 tantum

170 3418 269 3480 abest
302 3417 345 3480 ab
376 3415 614 3479 obtrectatione
647 3414 848 3499 invidiaque,
882 3434 968 3497 quae
1002 3412 1086 3478 solct
