2542 4117
226 310 269 377 90
482 331 617 375 saurus.
663 331 734 374 cnr.
757 328 876 373 uxvur.

227 491 353 564 tamen,
369 505 437 549 non
451 484 546 549 valde
563 486 672 549 nitens
696 505 762 547 non
788 481 885 568 plane
911 481 1042 545 horrida
1067 503 1141 545 ora·

226 591 293 654 tio:
315 612 378 653 vox
405 597 519 676 gestus
541 596 575 654 et
600 591 710 654 omnis
734 589 823 652 actio
849 588 921 651 sine
947 587 1074 671 leporc;
1102 592 1141 650 at

227 695 262 759 in
286 696 492 759 inveniendis
510 694 815 779 componendisque
830 696 927 756 rebus
944 693 1028 755 mira
1044 713 1140 755 accu-

226 801 321 878 ratio,
337 806 375 864 ut
398 821 466 864 non
492 800 588 863 facile
614 800 649 862 in
671 799 740 862 ullo
766 798 1010 884 diligentiorem
1034 798 1140 882 majo·

226 925 362 987 remque
386 905 606 990 cognoverim,
633 904 690 967 sed
715 925 800 982 earo,
826 909 865 967 ut
890 904 988 967 citius
1013 909 1140 965 vetera·

1259 235 1263 422 l

1261 465 1263 498 l

227 1011 346 1075 toriam
370 1031 472 1092 quam
495 1009 672 1073 oratoriam
695 1008 830 1072 diceres..
875 1008 940 1071 Hic
954 1008 1017 1071 etsi
1033 1008 1139 1070 etiarn
1261 1063 1262 1070 ,

118 1132 119 1135 ’
227 1115 263 1179 in
288 1114 428 1200 publicis
451 1114 560 1178 causis
582 1115 790 1198 probabatur,
805 1120 918 1177 tamen
943 1114 978 1176 in
1002 1113 1139 1197 privatis

227 1219 436 1284 illustriorem
453 1220 625 1282 obtinebat
640 1218 760 1282 locum.
799 1218 963 1281 LXVIII.
1001 1217 1075 1280 239.
1100 1217 1139 1280 C.

228 1323 347 1388 deinde
372 1323 450 1386 Piso
473 1324 629 1388 statarius
645 1329 679 1385 et
697 1323 856 1386 sermonis
877 1322 996 1406 plenus
1019 1328 1139 1401 orator,

191 1407 195 1422 ⁹
227 1428 365 1493 minime
391 1426 445 1490 ille
471 1427 607 1510 quidem
629 1427 745 1491 tardus
768 1427 803 1490 in
828 1427 1063 1512 excogitanda
1086 1448 1140 1488 ve·

226 1539 414 1597 rumtamen
430 1530 526 1596 vultu
541 1538 575 1595 et
591 1532 802 1596 simulatione
818 1533 924 1596 multo
939 1533 1046 1595 etiam
1063 1552 1141 1595 acu·

226 1637 300 1716 tior,
314 1658 418 1720 quam
434 1643 515 1718 erat,
532 1637 713 1700 videbatur.
760 1638 851 1701 Nam
866 1638 936 1721 ejus
960 1636 1140 1719 aequalem

230 1742 286 1809 Μ’.
315 1744 531 1809 Glabrionem
555 1747 639 1807 bene
661 1744 852 1808 institutum
875 1744 930 1807 avi
954 1743 1142 1807 Scaevolae

228 1849 402 1935 diligentia
424 1871 533 1914 socors
555 1850 661 1935 ipsius
681 1856 799 1913 natura
822 1848 1060 1934 negligensque
1077 1854 1141 1911 tar·

229 1954 372 2019 daverat
418 1955 532 2018 Etiam
551 1954 589 2018 L.
608 1955 799 2038 Torquatus
821 1954 955 2040 elegans
970 1956 1005 2018 in
1029 1955 1142 2018 dicen·

228 2058 273 2123 do
287 2060 323 2123 in
337 2058 559 2123 existimando
575 2059 758 2123 admodum
775 2060 916 2144 prudens
930 2065 1003 2123 toto
1019 2080 1143 2144 genere

228 2166 439 2248 perurbanus.
486 2163 585 2228 Meus
608 2171 722 2228 autem
746 2164 893 2247 aequalis
919 2165 979 2228 Cn.
997 2164 1142 2250 Pompe·

227 2268 290 2345 ius,
302 2268 350 2331 vir
364 2267 408 2331 ad
423 2269 538 2332 omnia
553 2291 688 2333 summa
704 2277 813 2349 natus,
829 2271 989 2354 majorem
1005 2271 1142 2334 dicendi

228 2370 369 2457 gloriam
388 2373 567 2454 habuisset,
583 2375 648 2439 nisi
663 2396 740 2438 eum
758 2376 892 2459 majoris
907 2376 1031 2461 gloriae
1048 2376 1142 2461 cupi·

228 2476 317 2541 ditas
340 2479 382 2541 ad
405 2479 538 2544 bellicas
556 2481 673 2544 laudes
696 2481 917 2544 abstraxisset.
963 2481 1047 2545 Erat
1069 2503 1141 2546 ora·

227 2583 319 2647 tione
336 2584 416 2648 satis
432 2585 572 2669 amplus,
586 2607 656 2650 rem
679 2585 855 2669 prudenter
874 2587 1025 2650 videbat:
1049 2589 1139 2651 actio

227 2709 304 2752 vero
320 2690 391 2773 ejus
407 2690 550 2754 habebat
564 2697 598 2755 et
612 2692 647 2754 in
659 2712 738 2754 voce
756 2712 918 2776 magnum
929 2692 1140 2776 splendorem

195 2815 199 2822 ·
229 2799 263 2856 et
286 2793 321 2856 in
346 2799 441 2856 motu
466 2816 636 2858 summam
662 2795 870 2881 dignitatem.
915 2797 988 2861 240.
1018 2797 1140 2861 Noster

227 2899 310 2962 item
326 2899 474 2981 aequalis
490 2898 529 2962 D.
548 2900 693 2980 Silanus,
707 2904 841 2967 vitricus
856 2909 944 2982 tuus,
961 2904 1063 2966 studii
1083 2904 1140 2967 ille

228 3003 365 3087 quidem
382 3004 500 3068 habuit
514 3027 580 3070 non
597 3006 742 3070 multum
757 3009 814 3071 sed
831 3010 994 3072 acuminis
1010 3015 1044 3071 et
1067 3030 1140 3072 ora·

226 3112 328 3175 tionis
344 3113 434 3175 satis.
482 3112 525 3190 Q.
543 3113 722 3198 Pompeius
740 3115 780 3178 Α.
797 3114 845 3193 F.,
860 3116 919 3197 qui
938 3115 1138 3200 Bithynicus

228 3217 337 3284 dictus
353 3223 412 3296 est,
423 3219 557 3282 biennio
572 3241 675 3302 quam
691 3241 751 3283 nos
767 3218 905 3285 fortasse
920 3221 1034 3304 major,
1048 3241 1139 3283 surn-

229 3343 286 3386 mo
309 3322 421 3386 studio
437 3324 565 3387 dicendi
590 3325 762 3408 multaque
784 3325 933 3389 doctrina
954 3326 1139 3389 incredibili

228 3426 340 3491 labore
363 3434 461 3511 atque
483 3429 664 3510 industria;
686 3431 776 3514 quod
795 3433 875 3495 scire
892 3452 1047 3517 possum:
1072 3429 1138 3495 luit

230 3531 320 3615 enirn
343 3553 477 3598 mecum
499 3541 533 3599 et
558 3557 635 3599 cum
661 3537 707 3600 M.
735 3536 856 3601 Pisone
882 3558 960 3601 oum
987 3536 1139 3614 amicitia
