2542 4117
227 311 292 381 112
475 332 611 377 saurus.
656 333 726 376 cir.
750 332 878 377 cxxxv.

225 487 293 553 sint
317 507 397 551 sane
427 487 549 552 Attici:
575 486 633 550 sed
659 487 694 550 in
722 486 897 551 comitium
922 488 1069 567 veniant,
1095 483 1143 551 ad

225 598 371 658 stantem
392 592 540 676 judicem
568 592 689 656 dicant.
737 592 903 656 Subsellia
929 593 1142 678 grandiorem

225 703 261 762 et
282 696 464 782 pleniorem
483 717 598 761 vocem
622 695 821 761 desiderant.
864 697 938 761 290.
963 697 1053 760 Volo
1076 698 1143 761 hoc

225 803 346 867 oratori
368 803 549 888 contingat,
564 808 612 880 ut,
627 823 705 865 cum
721 802 876 865 auditum
899 804 943 866 sit
964 824 1044 865 eum
1064 824 1141 865 esse

224 908 400 987 dicturum,
416 908 508 972 locus
523 907 558 970 in
575 905 739 970 subselliis
762 913 951 991 occupetur,
972 907 1141 992 complea-

223 1018 277 1077 tur
302 1012 456 1091 tribunal,
486 1012 621 1097 gratiosi
648 1012 774 1074 scribae
800 1011 868 1075 sint
895 1011 930 1075 in
961 1012 1074 1075 dando
1105 1018 1141 1075 et

224 1118 372 1183 cedendo
396 1118 478 1196 loco,
508 1137 632 1180 corona
659 1115 834 1200 multiplex
856 1116 960 1200 judex
990 1123 1140 1180 erectusz

223 1243 301 1290 cum
326 1222 463 1307 surgat*
487 1222 526 1299 is,
548 1222 609 1303 qui
632 1218 780 1283 dicturus
806 1221 859 1300 sit,
887 1220 1093 1306 significetur
1117 1242 1139 1285 a

223 1348 345 1393 corona
382 1326 572 1390 silentium:
607 1324 727 1389 deinde
762 1326 892 1389 crebrae
926 1327 1138 1390 assensiones

222 1432 351 1498 multae
373 1431 627 1510 admirationes3
649 1431 744 1509 risus,
762 1451 841 1493 cum
862 1430 958 1511 velit3
981 1452 1060 1494 cum
1084 1453 1139 1494 ve-

222 1536 270 1615 lit,
296 1535 411 1600 fletus:
438 1541 486 1614 ut,
513 1536 570 1619 qui
597 1536 680 1598 haec
707 1533 820 1619 procul
845 1535 967 1614 videat,
994 1536 1139 1615 etiamsi,

223 1641 305 1725 quid
321 1646 448 1726 agatur,
462 1641 597 1719 nesciat,
613 1651 650 1703 at
664 1639 791 1725 placere
806 1645 920 1703 tamen
937 1641 1019 1704 etin
1037 1662 1139 1706 scena
1263 1681 1264 1724 3

224 1767 297 1811 esse
320 1746 482 1811 Roscium
509 1744 681 1830 intelligat.
728 1744 823 1808 Haec
849 1746 905 1809 cui
928 1747 1138 1830 contingant,

224 1873 301 1916 eum
318 1853 400 1916 scito
419 1851 528 1915 Attice
540 1848 656 1929 dicere,
667 1855 706 1913 ut
717 1848 758 1912 dc
772 1849 895 1913 Pericle
908 1851 1101 1915 audivimus
1110 1851 1139 1881 ⁸

223 1964 262 2021 nt
284 1957 325 2020 de
349 1955 518 2042 Hyperide
534 1961 573 2018 ut
588 1954 628 2018 de
649 1954 823 2033 Aeschine,
838 1954 880 2017 de
901 1956 976 2040 ipso
998 1956 1137 2038 quidem

224 2061 451 2128 Demosthene
474 2059 628 2123 maxime.
673 2058 746 2122 291.
772 2058 833 2123 Sin
856 2065 971 2124 autem
994 2067 1135 2125 acutum

224 2167 368 2252 prudens
391 2172 425 2229 et
446 2164 537 2227 idem
553 2164 717 2227 sincerum
734 2168 767 2227 et
781 2163 925 2227 solidum
942 2171 977 2228 et
991 2167 1136 2230 exsicca·

221 2278 295 2335 tum
322 2291 428 2355 genus
458 2268 616 2332 orationis
644 2269 792 2353 probant,
818 2290 879 2332 nec
903 2269 960 2332 illo
986 2272 1137 2355 graviore

222 2381 342 2439 ornatu
370 2374 510 2437 oratorio
536 2379 686 2451 utuntur,
710 2378 744 2437 et
774 2374 836 2436 hoc
861 2374 1030 2459 proprium
1062 2397 1136 2439 esse

225 2479 413 2546 Atticorum
440 2478 565 2557 volunt,
586 2483 674 2540 recte
700 2477 849 2542 laudant
895 2479 959 2546 Est
985 2481 1077 2543 enirn
1099 2483 1135 2544 in

222 2591 292 2650 arte
321 2590 418 2649 tanta
445 2589 585 2667 tamque
605 2584 710 2650 ,varia
740 2584 843 2646 etiam
872 2584 951 2648 huic
981 2586 1135 2649 minutae

222 2691 399 2756 subtilitati
428 2689 530 2753 locus.
585 2688 637 2752 Ita
663 2686 729 2766 fiet,
755 2694 795 2751 ut
823 2709 892 2751 non
923 2710 1050 2769 omnes,
1074 2692 1136 2772 qui

224 2796 345 2875 Attice,
357 2795 459 2858 iidem
471 2796 572 2873 bene3
588 2792 647 2855 sed
662 2798 701 2855 ut
716 2813 842 2871 omnes,
854 2794 1017 2875 quibem,
1030 2795 1135 2858 iidem

222 2903 325 2966 etiam
353 2900 463 2964 Attice
489 2898 610 2961 dicant
666 2896 735 2960 Sed
757 2897 931 2962 redeamus
952 2919 1065 2962 rursus
1090 2899 1136 2963 ad

224 3009 451 3075 Hortensium.

268 3112 446 3179 LXXXV.
491 3110 565 3174 292.
591 3109 681 3174 Sane
702 3110 848 3192 quidem,
863 3110 973 3194 inquit
988 3112 1136 3195 Brutus3

222 3239 429 3305 quamquam
443 3218 510 3281 ista
525 3216 607 3280 mihi
625 3221 685 3278 tua
706 3215 772 3278 fuit
794 3216 996 3300 peq‘uounda
1018 3239 1040 3281 a
1062 3240 1137 3304 pro·
1263 3265 1264 3300 3

251 3471 265 3496 ⁴*
282 3471 348 3520 Edit.
359 3469 448 3528 Princ,
459 3467 568 3525 Ellendt,
580 3466 630 3514 and
642 3465 744 3529 Meyer3
761 3466 833 3515 other
842 3467 963 3517 editions:
978 3471 1062 3534 serpit.

134 3617 138 3624 ι
252 3550 280 3575 ””
298 3550 400 3602 Several
410 3547 582 3612 manuscripts,
593 3546 660 3596 Edit
671 3546 760 3608 Princ,
771 3548 821 3596 and
835 3547 937 3613 Meyer:
953 3550 1069 3603 audium
