2542 4117
215 309 259 378 80
512 331 648 376 saurus.
694 333 765 376 cnr.
786 331 855 377 uxr.

214 484 278 550 suit
301 486 403 564 nulla,
433 491 472 550 ut
496 484 675 568 aliquoties
701 486 865 550 triacum
895 489 1134 572 proposuisset,

213 595 275 656 aut
289 597 445 674 quartum
461 590 598 654 adderet
613 597 674 654 aut
687 592 824 655 tertium
839 598 1019 675 quaereret
1062 593 1135 671 Qui

212 696 395 782 injudicio
419 696 545 782 privato
569 694 621 759 vel
645 697 803 775 maximo,
819 718 896 760 curn
913 718 977 782 ego
993 719 1053 782 pro
1079 698 1134 762 Ti·

211 802 299 867 tinia
317 802 438 865 Cottae
454 801 700 886 peroravissem‚
712 800 765 864 ille
781 806 896 865 contra
912 822 966 865 me
982 824 1043 887 pro
1063 802 1133 867 Ser.

214 906 344 973 Naevio
367 907 497 985 diceret,
512 906 624 970 subito
640 913 747 970 totam
763 927 903 970 causam
919 906 1046 971 oblitus
1072 915 1133 985 est,

211 1011 313 1095 idque
337 1009 504 1075 veneficiis
527 1015 560 1074 et
583 1011 796 1074 cantionibus
826 1011 972 1075 Titiniae
999 1011 1132 1077 iactum

168 1113 173 1146 ‘¹
194 1125 285 1180 'esse
301 1116 440 1179 dicebat
477 1114 552 1178 218.
577 1114 705 1200 Magna
721 1115 803 1178 haec
817 1117 1024 1180 immemoris
1039 1118 1133 1203 inge·

212 1221 260 1285 nii
283 1222 397 1306 signa:
420 1219 479 1283 sed
495 1219 576 1283 nihil
594 1220 733 1304 turpius,
748 1240 852 1301 quarn
867 1221 958 1303 quod
974 1222 1079 1285 etiam
1095 1224 1131 1287 in

211 1325 339 1410 seriptis
356 1324 607 1403 oblivisceretur,
620 1324 702 1407 quid
718 1323 831 1410 paullo
848 1330 926 1389 ante
943 1328 1131 1409 posuisset;

210 1435 250 1493 ut
271 1431 306 1492 in
322 1451 363 1493 eo
378 1429 470 1508 libro,
486 1430 545 1492 ubi
568 1450 603 1493 se
626 1435 806 1492 exeuntem
822 1450 840 1492 e
856 1436 976 1493 senatu
999 1437 1035 1494 et
1051 1453 1130 1496 cum

213 1533 324 1597 Pansa
341 1540 452 1596 nostro
467 1538 593 1596 etcum
620 1532 766 1596 Curione
791 1532 858 1596 filio
881 1534 1130 1618 colloquentem

209 1637 299 1718 iacit,
328 1659 406 1701 curn
434 1644 590 1701 senatum
625 1637 752 1701 Caesar
781 1637 897 1702 consul
928 1639 1131 1720 habuisset*

209 1744 388 1827 omnisque
410 1742 463 1806 ille
487 1763 593 1807 senno
617 1742 740 1806 ductus
756 1763 775 1805 e
791 1744 1043 1827 percontatione
1059 1743 1129 1826 filii,

210 1847 292 1933 quid
314 1849 349 1912 in
366 1852 485 1911 senatu
508 1853 597 1910 esset
618 1854 743 1911 actum.
789 1846 829 1911 In
844 1867 913 1929 quo
928 1847 1045 1911 multis
1060 1870 1129 1913 ver·

209 1953 261 2017 bis
284 1974 362 2017 curn
387 1954 594 2016 inveheretur
618 1952 653 2015 in
681 1952 860 2014 Caesarem
887 1951 998 2030 Curio,
1013 1953 1128 2039 dispu-

207 2058 359 2139 tatioque
381 2062 468 2120 esset
490 2058 575 2119 inter
596 2077 664 2134 eos,
680 2061 719 2119 ut
731 2061 783 2119 est
797 2056 1007 2120 consuetudo
1022 2057 1127 2122 dialo-

209 2182 337 2247 gorum,
353 2182 431 2224 curn
455 2181 562 2224 sermo
578 2166 666 2224 esset
684 2160 857 2223 institutus
873 2167 995 2225 senatu
1010 2164 1127 2244 misso,

208 2287 308 2350 quem
335 2271 490 2329 senatum
518 2264 643 2328 Caesar
669 2264 786 2328 consul
813 2265 994 2345 habuisset,
1018 2288 1126 2352 repre·

208 2370 324 2436 hendit
347 2391 404 2433 eas
426 2390 487 2447 res,
503 2390 588 2451 quas
611 2368 700 2431 idem
728 2368 852 2433 Caesar
875 2391 965 2433 anno
989 2379 1069 2456 post
1091 2380 1127 2438 et

206 2474 363 2559 deinceps
374 2473 508 2556 reliquis
521 2474 619 2536 annis
631 2472 931 2538 administravisset
945 2475 980 2539 in
999 2476 1124 2542 Gallia.

209 2579 303 2645 LXI.
347 2579 421 2643 219.
451 2578 541 2642 Tum
569 2578 695 2641 Brutus
722 2578 900 2659 admirans,
929 2580 1124 2647 Tantamne

206 2683 308 2750 fuisse
332 2685 541 2762 oblivionem,
567 2683 685 2766 inquit,
708 2683 743 2746 in
767 2684 889 2768 scripto
916 2688 1123 2770 praesertim,

237 2889 251 2914 ⁹
269 2888 360 2940 Schutz
377 2888 427 2936 and
443 2885 521 2936 Orelli
537 2886 612 2935 striks
628 2893 686 2935 out:
702 2902 753 2934 cum
768 2894 870 2935 emotum
885 2885 972 2936 Caesar
986 2888 1066 2939 consul
1080 2889 1123 2940 1η.

206 2972 294 3023 tuce.
327 2970 417 3021 Jacobs
434 2969 569 3018 endeavors
586 2977 611 3017 to
628 2982 686 3017 cure
703 2968 744 3017 the
760 2983 866 3032 passage
884 2969 918 3034 by
936 2970 985 3019 this
1005 2986 1122 3038 arrange·

205 3063 290 3106 ment:
307 3061 332 3102 nt
348 3049 527 3111 ineolibro,nbi
542 3065 566 3098 se
581 3057 900 3099 exeuntemesenatuetcnm
913 3048 999 3101 Pansa
1013 3062 1123 3105 nostroet

205 3152 257 3187 cum
272 3134 368 3185 Citrione
378 3131 435 3196 filio
445 3129 600 3194 colloquentem
606 3131 687 3195 facit:
701 3148 750 3180 cunr
761 3146 835 3181 senno
845 3140 901 3181 esset
914 3132 1030 3184 institutus
1039 3144 1123 3186 serrata

205 3219 283 3278 misso,
294 3230 361 3281 quem
372 3222 474 3263 senatum
489 3211 576 3262 eamr
585 3211 664 3261 consui
679 3211 797 3273 tannim,
807 3214 922 3278 mnnnqrae
938 3214 976 3265 ille
991 3232 1065 3267 sermo
1077 3217 1120 3267 du,

203 3307 254 3350 etns
261 3316 273 3347 e
281 3293 513 3363 pemonwtionefilii,
522 3292 580 3357 qnid
589 3293 613 3342 in
621 3301 700 3341 senatu
708 3301 764 3342 esset
774 3302 850 3343 adnm
856 3312 865 3354 ,¹
876 3296 901 3344 in
911 3313 956 3360 quo
963 3297 1039 3347 nrnltrssr
1047 3301 1122 3350 vedis

204 3396 255 3430 cnm
267 3379 405 3428 inveteretur
415 3376 440 3425 in
455 3374 575 3424 Caesarem
592 3371 669 3434 cario,
677 3373 846 3438 diminutioque
856 3385 912 3425 esset
923 3377 982 3426 inter
991 3396 1035 3439 eos,
1046 3388 1071 3429 ut
1087 3390 1122 3431 eet

204 3460 338 3511 mnsnetudo
355 3456 502 3523 dioieqornm,
517 3454 660 3520 reprehendit
678 3472 718 3505 eoa
734 3472 777 3516 res,
796 3472 854 3520 qnos
875 3456 936 3507 idern
956 3458 1042 3510 Caesar
1057 3478 1121 3512 anno

199 3548 253 3609 post
264 3549 285 3590 et
294 3540 399 3605 deinceps
409 3536 503 3604 reliquis
513 3537 583 3588 annu
592 3536 800 3588 administravisset
810 3538 835 3589 in
850 3536 939 3590 Gellio.
