2542 4117
201 320 228 386 u
510 342 646 385 saurus.
691 343 761 386 err.
785 344 816 386 v.

209 495 408 562 Hesiodium
431 495 588 559 laudatur
603 517 623 559 a
639 495 755 574 doctis,
770 497 860 579 quod
882 498 998 563 eadem
1025 522 1117 564 men·

207 622 283 664 sura
306 601 438 664 reddere
456 601 562 686 jubet,
585 623 653 684 qua
668 604 844 686 acceperis
867 606 1043 671 autetiam
1060 629 1117 671 ou·

206 706 390 784 mulatiore,
406 706 435 769 si
450 707 566 791 possis·
611 706 662 769 16.
686 706 762 792 Ego
777 713 892 771 autern
908 709 1116 774 voluntatem

204 811 266 874 tibi
298 809 441 894 prolecto
472 811 618 889 emetiar,
648 811 707 874 sed
733 833 803 875 rem
829 814 938 897 ipsam
966 816 1116 878 nondum

206 936 304 1001 posse
319 915 448 996 videor3
470 915 570 998 idque
585 921 625 979 ut
640 916 802 1001 ignoscas,
819 938 840 980 a
853 923 887 981 te
910 925 995 1003 peto.
1041 920 1117 983 Nec

206 1022 298 1085 enim
320 1043 361 1085 ex
384 1022 488 1101 novis,
503 1027 542 1084 ut
564 1020 728 1106 agricolae
751 1021 866 1101 solent,
882 1024 1040 1088 fructibus
1056 1032 1117 1105 est,

205 1126 295 1191 unde
316 1127 377 1189 tibi
398 1126 545 1205 reddam,
561 1127 653 1209 quod
674 1128 805 1211 accepi3
828 1128 875 1191 sio
897 1127 1006 1193 omnis
1028 1129 1116 1193 letus

98 1299 101 1306 ,
205 1252 371 1316 repressus
395 1237 598 1314 exustusque
621 1230 683 1295 flos
704 1232 760 1295 siti
789 1233 907 1296 veteris
933 1234 1117 1298 ubertatis*

103 1337 107 1390 ἶ
207 1338 353 1416 exaruit,
375 1358 438 1400 nec
463 1359 503 1400 ex
526 1337 678 1417 conditis,
694 1337 751 1420 qui
770 1338 884 1422 jacent
907 1340 942 1402 in
957 1342 1116 1434 erris,

144 1425 149 1430 ⁵
206 1448 240 1507 et
263 1443 307 1506 ad
328 1465 412 1527 quos
435 1444 545 1507 omnis
566 1443 663 1506 nobis
685 1443 806 1523 aditus,
821 1445 880 1527 qui
906 1429 1017 1530 paerre=
1037 1428 1116 1510 sofi's

206 1549 326 1634 patuit,
355 1550 541 1612 obstructus
571 1554 630 1611 est.
677 1535 832 1612 Seremus
861 1550 963 1635 igitur
991 1549 1118 1632 aliquid

206 1661 381 1736 tamquam
403 1653 438 1716 in
463 1652 588 1717 inculto
612 1658 647 1717 et
668 1652 823 1717 derelicto
846 1653 934 1734 solo;
956 1654 1044 1737 quod
1067 1656 1117 1719 lta

206 1760 381 1846 diligenter
409 1759 566 1839 colemus,
595 1764 634 1824 ut
663 1760 843 1844 impendiis
868 1762 972 1824 etiam
997 1780 1117 1845 augere

206 1868 373 1952 possimus
402 1865 590 1951 largitatem
620 1867 672 1929 tui
701 1866 864 1946 muneris3
894 1865 996 1929 modo
1025 1866 1116 1929 idem

206 1977 317 2035 noster
332 1971 465 2034 animus
481 1970 607 2033 efficere
623 1971 737 2054 possit,
748 1970 840 2053 quod
855 1992 941 2056 ager,
956 1971 1023 2054 qui,
1038 1991 1117 2033 oum

207 2076 330 2140 multos
363 2096 470 2138 annos
501 2075 636 2157 quievit,
667 2076 832 2138 uberiores
865 2073 975 2139 efferre
1006 2075 1117 2159 fruges

207 2179 299 2243 solet
345 2180 396 2242 17.
420 2179 510 2241 Turn
531 2177 595 2256 ille,
612 2177 687 2263 Ego
702 2200 778 2243 vero
794 2185 827 2242 et
845 2181 1044 2264 exspectabo
1066 2200 1118 2258 ea,

206 2306 293 2369 quae
309 2284 480 2370 polliceris,
497 2305 603 2367 neque
622 2284 754 2370 exigam
771 2285 836 2348 nisi
853 2291 914 2347 tuo
929 2283 1117 2362 commodo,

207 2395 242 2453 et
257 2395 352 2453 erunt
368 2390 450 2453 mihi
466 2396 627 2474 pergrata,
643 2389 671 2453 si
687 2388 829 2480 solvep‘s.
875 2388 959 2452 Milri
975 2408 1118 2471 quoque,
1149 2412 1153 2423 ·

206 2495 317 2578 inquit
346 2494 480 2574 Brutus,
506 2494 562 2581 [et]
587 2493 810 2578 exspectanda
841 2499 919 2556 sunt
948 2513 998 2571 ea,
1028 2512 1117 2574 quae

211 2600 325 2664 Attico
354 2600 523 2685 polliceriS,
550 2598 612 2661 etsi
643 2597 781 2661 sortasse
812 2619 874 2682 ego
904 2619 925 2661 a
954 2603 988 2660 te
1018 2598 1117 2680 hujus

206 2705 414 2768 voluntarius
445 2708 633 2789 procurator
666 2709 789 2787 petam,
824 2703 914 2786 quod
946 2704 1035 2788 ipse,
1062 2703 1117 2765 cui

128 2883 133 2894 A
208 2808 318 2886 debes,
333 2808 391 2895 [se]
409 2807 623 2871 incommodo
639 2813 833 2871 exacturum
849 2814 959 2893 negat.
999 2808 1042 2870 V.
1067 2807 1118 2871 18.

120 2897 124 2904 ’
202 2914 258 2977 -Ar
280 2934 365 2991 vero,
390 2913 539 2996 inquam,
562 2913 624 2975 tibi
651 2933 723 2995 ego,
752 2913 864 2992 Brute,
887 2934 956 2976 non
979 2912 1118 2991 solvam,

208 3020 273 3082 nisi
296 3019 385 3104 prius
408 3039 429 3082 a
449 3024 483 3081 te
506 3037 622 3080 cavero
643 3017 787 3101 amplius
804 3039 844 3080 eo
861 3019 995 3080 nomine
1014 3019 1118 3081 nemi·

208 3146 296 3203 nem,
328 3124 423 3208 cujus
458 3123 574 3207 petitio
607 3123 660 3201 sit,
692 3122 882 3205 petiturum.
929 3122 1016 3201 Non,
1051 3144 1118 3185 me·

209 3228 347 3308 hercule,
376 3229 492 3310 inquit,
521 3228 582 3290 tibi
611 3228 833 3311 repromittere
863 3227 951 3290 istuc
980 3228 1117 3309 quidem

207 3334 337 3396 ausim:
359 3354 439 3395 nam
456 3332 552 3410 hunc,
568 3332 626 3414 qui
648 3338 758 3415 negat,
773 3331 870 3394 video
886 3330 1117 3417 flagitatorem,

239 3516 253 3541 ⁴*
269 3518 374 3567 Lamo:
395 3518 428 3566 sic
449 3515 521 3565 omnia
534 3515 600 3581 setus
618 3531 733 3579 repressus
754 3523 887 3579 eamusque
904 3514 945 3565 siti
963 3516 1015 3580 flos
1037 3515 1118 3565 veter'r's

209 3600 326 3651 ubertatis.
