2542 4117
179 280 223 350 52
466 300 602 348 usurus.
648 299 719 343 cur.
743 299 797 342 xa.

182 460 456 541 argumentorum
478 453 771 539 exemplorumque
787 452 902 537 copia:
925 459 1029 537 atque
1050 453 1103 518 ita

181 566 256 623 tum
269 561 312 623 ab
324 559 376 623 his
392 559 538 644 patronis
551 556 747 640 aequalibus
762 564 798 620 et
808 557 904 641 jam*
919 558 1104 622 consulari·

184 666 245 729 bus
260 686 363 728 eausa
377 663 434 727 illa
450 664 539 727 dicta
557 669 617 740 est,
631 683 709 725 eum
726 670 864 745 uterque
880 683 920 725 ex
935 664 1104 727 contraria

182 775 274 855 parte
295 771 352 854 jus
374 768 470 832 civile
493 766 691 847 defenderer„
707 774 745 831 ut
768 768 995 851 eloquentium
1015 770 1102 853 juris

183 874 401 960 peritissimus
420 874 559 936 Crassus
576 873 658 956 juris
674 873 854 958 peritorum
870 873 1102 957 eloquentissi-

181 1000 258 1043 mus
277 978 438 1043 Scaevola
455 984 641 1062 putaretur;
656 978 860 1060 quiquidem
873 1000 950 1042 cum
964 1000 1102 1063 peracu-

181 1090 238 1148 tus
250 1091 337 1148 esset
352 1084 394 1148 ad
410 1082 678 1168 excogitandum,
691 1082 771 1165 quid
788 1083 821 1146 in
835 1084 907 1167 jure
923 1085 1030 1147 autin
1043 1105 1101 1147 ae·

181 1210 249 1272 quo
260 1210 373 1252 verum
388 1194 447 1252 aut
457 1193 545 1250 esset
560 1194 620 1251 aut
633 1209 701 1251 non
713 1193 810 1267 esset,
821 1194 894 1251 tum
908 1189 1014 1251 verbis
1027 1196 1100 1252 erat

182 1292 225 1356 ad
247 1314 317 1356 rem
340 1314 417 1356 eum
434 1313 567 1357 summa
589 1292 750 1354 brevitate
773 1292 965 1356 mirabiliter
987 1298 1098 1377 aptus.

181 1396 255 1461 146.
282 1395 398 1475 Quare
421 1399 465 1462 sit
487 1398 583 1462 nubis
606 1403 715 1462 orator
730 1398 765 1459 in
781 1397 844 1460 hoe
858 1398 1100 1481 interpretandi

180 1501 447 1585 explanandique
470 1508 504 1566 et
525 1501 707 1564 disserendi
722 1522 841 1586 genere
864 1502 1033 1581 mirabilis,
1050 1504 1099 1567 sie

181 1612 220 1668 ut
244 1605 349 1669 simile
375 1605 457 1670 nihil
481 1607 638 1669 viderim:
661 1608 695 1669 in
719 1606 874 1690 augendo
890 1607 925 1670 in
947 1607 1098 1670 ornando

180 1710 216 1774 in
231 1709 409 1774 refellendo
424 1712 532 1796 magis
549 1711 755 1773 existimator
774 1709 975 1774 metuendus
991 1732 1097 1794 quam

181 1814 397 1880 admirandus
429 1822 544 1879 orator.
590 1814 664 1878 147.
697 1814 825 1878 Verum
858 1814 901 1878 ad
935 1815 1096 1880 Crassum

179 1927 389 1984 revertamur.
428 1919 501 1984 XL.
525 1920 614 1983 Tum
631 1920 767 1998 Brutus,
780 1919 855 1983 Etsi
871 1920 961 1999 satis,
975 1920 1097 2003 inquit,

180 2025 264 2089 mihi
288 2025 422 2089 videbar
447 2026 564 2088 habere
586 2025 760 2110 cognitum
784 2024 982 2089 Scaevolam
998 2046 1039 2088 ex
1054 2026 1096 2091 iis

180 2131 288 2208 rebus,
305 2150 390 2212 quas
413 2128 592 2192 audiebam
616 2150 718 2213 saepe
741 2150 780 2192 ex
808 2129 846 2193 C.
869 2129 1006 2210 Rutilio,
1026 2152 1096 2213 quo

181 2236 337 2297 utebatur
368 2241 499 2319 propter
527 2232 790 2298 familiaritatem
824 2234 1006 2298 Scaevolae
1036 2257 1097 2300 no·

182 2338 277 2416 stri,**
305 2345 419 2401 tamen
441 2339 507 2402 ista
531 2339 614 2402 mihi
636 2339 708 2422 ejus
740 2337 872 2402 dicendi
896 2344 993 2403 tanta
1018 2339 1096 2405 laus

181 2448 262 2506 nota
295 2464 362 2507 non
393 2449 471 2507 erat
526 2444 643 2525 Itaque
678 2444 751 2527 cepi
782 2444 990 2529 voluptatem
1021 2451 1095 2510 tam

181 2554 334 2612 ornatum
349 2549 457 2614 virum
472 2554 609 2630 tamque
625 2548 787 2612 excellens
802 2548 975 2634 ingenium
990 2547 1096 2614 fuisse

179 2653 215 2716 in
231 2660 343 2716 nostra
357 2674 392 2716 re
404 2653 545 2738 publiea.
583 2651 656 2717 148.
680 2653 747 2716 Hie
758 2674 831 2739 ego,
845 2653 934 2733 Noli,
945 2654 1096 2737 inquam,

181 2757 293 2836 Brute,
323 2758 511 2822 existimare
537 2757 589 2821 his
613 2757 746 2821 duobus
775 2758 961 2840 quidquam
990 2757 1096 2824 fuisse

179 2862 215 2930 in
242 2867 355 2926 nostra
381 2863 515 2925 civitate
544 2863 785 2946 praestantius:
808 2883 889 2927 nam
915 2869 955 2927 ut
979 2864 1095 2948 paullo

209 3104 224 3129 ⁴⁹
239 3103 407 3153 Emendation
418 3102 447 3153 ot
455 3100 541 3152 Orelli.

211 3184 238 3209 l*
255 3185 311 3236 The
322 3193 376 3235 text
389 3185 410 3234 is
422 3191 528 3248 corrupt
559 3183 659 3233 Amold
670 3200 787 3249 proposes
798 3192 825 3236 to
835 3186 908 3235 read:
924 3184 1030 3238 Rutilio:
1045 3204 1094 3252 prm

177 3268 281 3317 mmm
292 3274 369 3330 pater,
379 3263 569 3329 familiaritatem
580 3262 704 3315 Scaevolae
714 3267 780 3316 nosti.
813 3267 927 3317 Ellendt:
938 3266 1042 3317 Rutilio.-
1052 3270 1095 3333 qui

176 3363 224 3412 qua
239 3347 341 3396 tuebatur
348 3344 517 3410 familiaritate
533 3343 662 3408 Suamolue,
673 3347 738 3395 nosti.
770 3346 821 3396 Far
834 3347 943 3397 betteris
956 3349 997 3398 the
1008 3364 1094 3399 emen·

177 3428 303 3479 dationes
316 3427 407 3478 Orelli:
423 3442 467 3491 quo
477 3427 555 3475 mabar
567 3436 663 3493 prepter
670 3428 860 3493 familiaritatem
874 3427 914 3481 sc.
924 3445 963 3489 n.;
979 3432 1030 3481 aud
1040 3432 1094 3482 still

177 3511 257 3563 better
271 3510 325 3561 that
339 3510 368 3561 of
382 3508 522 3563 Gebhardt:
534 3525 579 3574 qm
592 3510 709 3561 mmumur
724 3519 771 3563 etc.
