2542 4117
218 306 263 374 78
507 329 645 374 saurus.
688 330 759 373 car.
782 329 850 375 arx.

221 482 379 569 Scipione
400 488 436 548 et
460 481 600 563 Omsso3
621 488 657 547 et
673 482 715 547 de
730 484 836 548 tribus
850 483 981 569 proavis
1000 483 1045 563 Q
1063 483 1137 548 Me·

218 587 306 666 tello,
321 588 417 673 cujus
438 594 582 671 quatuor
602 585 672 666 filii,
689 587 724 651 P.
743 587 910 673 Scipione,
931 589 990 671 qui
1013 610 1055 651 ex
1077 589 1138 652 do·

219 693 352 759 minata
379 692 430 757 Ti
456 692 599 756 Gracchi
621 693 771 777 privatus
793 694 829 756 in
851 692 1040 757 libertatem
1063 714 1136 757 rem

160 833 166 856 ι
218 800 388 886 publicam
415 797 607 877 vindicavit,
638 796 682 875 Q.
714 797 879 863 Scaevola
909 819 1044 884 augure,
1075 800 1136 881 qui

151 933 156 944 ’
218 905 440 991 peritissimus
459 903 542 988 juris
564 903 721 986 idemque
738 903 900 988 percomis
915 909 966 966 est
990 904 1136 967 habitus.

219 1009 293 1073 213.
314 1009 392 1074 Jam
418 1006 560 1072 duorum
586 1009 768 1071 abavorum
793 1028 898 1091 quam
927 1014 979 1071 est
1007 1007 1136 1072 illustre

218 1134 352 1194 nomen,
369 1113 404 1177 P.
422 1112 598 1197 Scipionis,
611 1112 670 1194 qui
691 1113 743 1175 bis
765 1112 883 1176 consul
908 1110 981 1191 luit,
996 1114 1056 1195 qui
1083 1119 1136 1178 est

221 1218 402 1283 Corculum
425 1217 542 1295 dictus,
558 1216 694 1280 alterius
709 1217 861 1280 omnium
884 1218 1136 1302 sapientissimi,

222 1323 260 1387 C.
278 1319 401 1386 Laelii!
438 1321 469 1385 Ο
491 1342 697 1406 generosam,
712 1322 831 1404 inquit
846 1321 981 1406 stirpem
997 1329 1032 1385 ct
1050 1329 1135 1385 tam·

218 1448 323 1510 quam
338 1428 373 1490 in
389 1446 493 1490 unam
506 1427 656 1488 arborem
672 1425 767 1510 plura
782 1446 904 1511 genera
919 1427 967 1489 sic
981 1427 1017 1489 in
1033 1427 1136 1490 istam

218 1531 360 1596 domum
387 1530 567 1593 multorum
593 1531 731 1593 insitam
757 1535 859 1613 atque
884 1529 1137 1595 illuminatam*

219 1633 439 1721 sapientiam!
484 1634 577 1699 LIX.
602 1634 763 1698 Similiter
791 1635 893 1719 igitur
915 1637 1074 1721 suspicor,
1097 1643 1137 1700 ut

169 1756 177 1776 ⁰
217 1740 428 1818 coniciamus
445 1762 546 1826 parva
566 1740 708 1824 magnis,
727 1739 891 1819 Curionis,
906 1740 969 1804 etsi
985 1741 1135 1825 pupillus

218 1852 352 1916 relictus
374 1855 435 1931 est,
450 1850 559 1935 patrio
583 1846 685 1911 luisse
701 1848 854 1912 instituto
876 1869 958 1932 puro
982 1870 1135 1912 sermone

220 1954 444 2022 assuefactam
471 1954 629 2032 domum3
657 1957 692 2016 et
717 1973 758 2015 eo
785 1953 896 2038 magis
924 1954 985 2017 hoc
1008 1953 1135 2037 judico,

219 2062 311 2145 quod
334 2061 503 2125 neminem
519 2080 559 2121 ex
573 2059 616 2121 iis
631 2056 777 2141 quidem,
793 2059 853 2140 qui
874 2056 987 2141 aliquo
1014 2058 1049 2122 in
1074 2080 1135 2123 nu·

220 2186 312 2231 mero
336 2163 478 2242 luerunt
492 2163 635 2247 cognovi
659 2163 694 2225 in
718 2162 812 2225 omni
836 2183 954 2248 genere
979 2163 1135 2228 honesta·

219 2290 294 2334 rum
324 2268 447 2332 artium
476 2273 548 2331 tam
578 2267 753 2330 indoctum
779 2273 851 2330 tam
878 2267 1004 2331 rudem.
1059 2268 1135 2333 214.

222 2373 361 2438 Nullum
376 2372 431 2436 ille
447 2374 580 2457 poiitern
602 2376 751 2451 noverat,
766 2372 897 2436 nullum
919 2371 1045 2458 legerat
1063 2395 1135 2437 ora·

219 2484 335 2558 torem,
351 2477 477 2541 nullam
500 2478 697 2540 memoriam
721 2477 931 2560 antiquitatis
947 2477 1135 2563 collegerat,

220 2603 288 2648 non
312 2583 482 2669 publicum
501 2582 557 2667 jus
581 2603 649 2645 non
672 2581 837 2666 privatum
853 2588 888 2646 et
901 2582 995 2646 civile
1010 2605 1136 2669 cogno-

219 2695 330 2769 verat;
351 2708 560 2771 quamquam
583 2687 617 2750 id
641 2686 777 2769 quidem
799 2685 863 2751 fuit
878 2689 982 2752 etiam
1000 2690 1036 2753 in
1060 2690 1136 2755 aliis

220 2800 256 2857 et
277 2793 409 2878 magnis
435 2791 568 2875 quidem
598 2792 792 2871 oratoribus
819 2813 904 2875 quos
931 2814 1051 2878 parum
1083 2796 1136 2859 his

219 2899 398 2963 instructos
421 2897 546 2959 artibus
562 2895 717 2975 vidimus,
732 2903 771 2960 ut
795 2896 983 2982 Sulpicium
1002 2906 1042 2963 ut
1066 2900 1137 2964 An·

220 3004 362 3069 tonium.
409 3000 477 3067 Sed
497 3000 523 3064 ii
544 3006 658 3065 tamen
675 3022 783 3065 unum
797 3001 882 3066 illud
897 3003 1066 3071 habebant
1087 3005 1138 3070 di·

219 3110 318 3175 cendi
341 3129 427 3194 opus
449 3106 672 3171 elaboratum:
693 3106 795 3190 idque
811 3130 889 3172 oum
905 3117 1075 3175 constaret
1094 3133 1137 3176 ex

220 3216 368 3299 quinque
383 3213 566 3277 notissimis
582 3213 742 3297 partibus,
754 3233 854 3276 nemo
868 3214 902 3277 in
917 3214 1029 3298 aliqua
1042 3223 1137 3302 parte

251 3472 265 3497 ⁴
282 3472 351 3523 Text
368 3475 482 3535 corripe
501 3465 655 3529 tiliniacum,
673 3468 737 3534 conj.
759 3468 912 3531 Lambinus3
932 3470 1052 3539 didymum,
1069 3476 1137 3541 conj.
1215 3543 1219 3550 Ι

218 3554 328 3606 Ernesti.
