2542 4117
203 304 268 371 104
466 325 601 370 sauros.
647 326 717 369 cir.
740 325 857 370 sxxrx.

204 499 267 543 nae
290 483 475 562 acutaeque
491 478 695 543 sententiae:
714 483 895 564 gestusque
918 483 1036 542 natura
1062 480 1115 546 ita

201 591 371 664 venustus,
386 591 425 648 ut
446 605 498 648 ars
520 584 631 662 etiam,
648 604 734 666 quae
750 604 816 647 nou
833 589 911 662 erat,
927 588 962 647 et
981 605 1000 645 e
1015 584 1114 647 disci·

201 689 292 775 plina
307 698 420 754 motus
435 690 571 773 quidam
587 688 751 752 videretur
768 687 930 753 accedere.
976 688 1113 768 Vereor,

185 816 244 869 ,ne
267 815 380 858 amore
402 794 515 857 videar
537 794 642 878 plura,
655 814 758 877 quam
781 794 904 858 fuerint
924 794 959 856 in
980 793 1046 871 illo,
1063 794 1113 857 di·

200 918 290 980 cere;
309 898 401 982 quod
418 920 486 963 non
502 899 551 962 ita
565 905 634 962 est:
658 898 724 962 alia
747 899 838 962 enim
854 898 895 961 de
912 897 967 961 illo
982 899 1112 980 majora

198 1004 264 1068 dici
290 1009 448 1089 possunt:
471 1024 552 1066 nam
578 1025 640 1067 nec
666 1003 872 1067 continentia
898 1024 959 1066 nec
984 1004 1112 1087 pietate

199 1130 262 1174 nec
275 1109 344 1173 ullo
359 1129 476 1193 genere
489 1108 619 1172 virtutis
631 1129 837 1191 quemquam
853 1107 1003 1192 ejusdem
1019 1115 1112 1171 aeta·

198 1217 241 1279 tis
261 1235 338 1279 cum
360 1214 417 1278 illo
432 1211 667 1277 conferendum
691 1219 783 1297 puto.
829 1212 991 1276 LXXIX
1034 1211 1111 1277 273.

201 1320 274 1383 Nec
300 1339 375 1381 vero
403 1317 449 1381 M.
479 1317 633 1381 Coelium
662 1316 938 1401 praetercundum
966 1318 1113 1397 arbitror,

198 1443 431 1506 quaecumque
453 1422 525 1505 ejus
546 1422 581 1485 in
605 1422 696 1485 exitu
712 1421 764 1486 vel
785 1420 919 1485 fortuna
940 1421 993 1484 vel
1014 1443 1111 1486 mens

198 1527 278 1592 fuit:
302 1524 360 1609 qui
379 1526 541 1610 quamdiu
564 1527 754 1591 auctoritati
776 1547 872 1590 meae
895 1527 1013 1611 paruit,
1030 1526 1111 1591 talis

196 1633 349 1696 tribunus
372 1631 477 1716 plebis
500 1632 575 1710 fuit,
589 1637 629 1695 ut
650 1652 750 1695 nemo
766 1637 879 1695 contra
895 1631 1018 1695 civium
1040 1652 1112 1715 per·

196 1737 342 1802 ditorum
365 1736 558 1822 popularem
585 1735 876 1819 turbulentamque
902 1736 1110 1800 dementiam

197 1864 219 1908 a
245 1849 365 1908 senatu
388 1847 423 1906 et
448 1864 468 1907 a
491 1844 655 1905 bonomm
680 1862 784 1904 causa
808 1841 934 1904 steterit
956 1847 1110 1904 constan·

196 1949 283 2032 tius:
313 1969 416 2031 quam
450 1948 521 2032 ejus
553 1947 720 2010 actionem
754 1946 898 2010 multum
931 1952 1045 2009 tamen
1076 1951 1112 2010 et

198 2053 371 2139 splendida
395 2059 429 2116 et
454 2052 590 2138 grandis
616 2057 651 2114 et
673 2050 792 2115 eadem
815 2051 979 2137 imprimis
999 2050 1111 2118 faceta

196 2164 231 2223 et
252 2161 436 2243 perurbana
452 2156 711 2221 commendabat
730 2157 845 2220 oratic.
894 2156 1020 2220 Graves
1035 2158 1109 2241 ejus

107 2322 109 2327 .
195 2264 372 2327 conciones
389 2262 518 2345 aliquot
532 2259 666 2326 fuerunt
690 2283 782 2326 acres
797 2263 1027 2326 accusationes
1042 2269 1108 2330 tres

195 2387 322 2449 eaeque
345 2387 462 2430 omnes
486 2388 526 2429 ex
553 2367 599 2431 rei
627 2367 780 2451 publicae
803 2368 1016 2432 contentione
1037 2390 1109 2432 sus,

195 2478 330 2555 ceptae:
354 2469 572 2551 defensiones,
588 2472 652 2535 etsi
672 2471 728 2536 illa
744 2478 838 2537 erant
853 2474 887 2536 in
903 2495 943 2536 eo
959 2474 1108 2553 meliora,

195 2598 285 2659 quae
312 2576 390 2657 dixi,
419 2598 487 2641 non
519 2577 784 2641 contemnendae
813 2585 928 2641 tamen
960 2600 1108 2661 saneque

195 2681 390 2746 tolerabiles.
429 2683 496 2747 Hic
511 2703 588 2746 cum
605 2703 740 2746 summa
756 2682 927 2747 voluntate
942 2685 1108 2754 bonorum

195 2788 312 2852 aedilis
335 2788 456 2852 curulis
479 2788 588 2851 factus
611 2794 709 2865 esset,
724 2788 836 2851 nescio
851 2788 1021 2870 quomodo
1042 2789 1109 2854 dis·

196 2914 292 2957 cessu
322 2913 399 2956 meo
426 2892 578 2956 discessit
607 2913 628 2955 a
658 2913 730 2956 sese
756 2893 951 2976 ceciditque,
978 2901 1110 2978 postea·

194 3018 298 3080 quam
326 3019 384 3061 eos
409 2997 533 3061 imitari
556 2998 675 3081 coepit,
701 3019 785 3081 quos
807 2999 879 3083 ipse
901 3005 1108 3083 perverterat.

194 3102 268 3165 274.
294 3102 362 3167 Sed
377 3103 419 3166 de
437 3102 482 3166 M.
502 3101 633 3166 Calidio
649 3102 801 3166 dicamus
816 3103 952 3185 aliquid,
965 3104 1022 3187 qui
1039 3126 1109 3170 non

193 3205 257 3271 suit
269 3214 377 3271 orator
388 3230 476 3271 unus
489 3230 506 3270 e
517 3208 640 3288 multis,
650 3209 761 3293 potius
772 3209 856 3273 inter
868 3209 991 3274 multos
1006 3232 1108 3296 prope

193 3312 368 3396 singularis
390 3313 472 3375 fuit:
494 3313 543 3376 ita
566 3313 753 3377 reconditas
769 3314 1017 3398 exquisitasque
1033 3337 1108 3380 sen-

190 3417 316 3480 tentias
332 3416 441 3481 mollis
460 3423 494 3500 et
515 3417 683 3503 pellucens
698 3420 862 3483 vestiebat
885 3422 999 3484 oratio.
1046 3421 1108 3485 Ni-

188 3520 235 3583 hil
250 3527 321 3585 tam
335 3527 491 3586 tenerum
504 3543 607 3605 quam
622 3522 710 3587 illius
726 3525 977 3609 comprehensio
992 3528 1109 3596 verbor
