2542 4117
201 272 266 342 108
460 295 595 342 esurus.
634 297 705 341 cir.
730 296 859 340 cxxxu.

201 453 241 512 ut
263 447 317 512 ille
342 449 506 533 cupiebat,
529 450 617 514 hune
641 472 763 515 nomen
792 450 926 514 honoris
953 449 1118 534 adeptuni

201 574 270 617 non
301 554 460 618 honorem
486 561 577 639 pute.
625 555 725 633 Quae
753 558 782 620 si
802 555 856 619 ille
884 555 997 618 audire
1024 554 1119 617 volu-

201 657 291 736 isset,
306 659 455 723 maxima
476 680 554 723 curn
576 662 683 745 gratia
698 667 732 725 et
752 661 856 746 gloria
879 660 922 723 ad
945 679 1118 723 summam

203 762 460 847 amplitudinem
490 766 693 849 pervenisset
722 764 926 829 adscendens
956 764 1117 849 gradibus

203 870 471 953 magistratuum,
495 875 534 933 ut
557 876 649 954 pater
675 871 746 955 ejus
775 869 906 949 fecerat,
931 876 971 932 ut
998 868 1118 950 reliqui

202 973 354 1038 clariores
369 974 437 1037 viri.
484 974 584 1053 Quae
598 975 734 1058 quidem
751 977 855 1039 etiarn
870 996 948 1038 curn
965 974 1000 1036 P.
1019 974 1117 1037 Cras·

135 1080 136 1083 ’
203 1098 242 1142 eo
271 1077 317 1142 M.
343 1077 390 1158 F„
413 1101 490 1143 curn
514 1080 610 1143 initio
638 1081 770 1144 aetatis·
788 1080 831 1144 ad
862 1079 1049 1143 amicitiam
1079 1099 1116 1140 se

204 1204 317 1247 meam
339 1184 542 1264 contulisset,
558 1206 657 1271 saepe
673 1186 780 1270 egisse
802 1206 857 1248 me
876 1185 1020 1263 arbitror,
1036 1204 1117 1246 cum

204 1308 282 1352 eum
309 1289 520 1353 vehementer
544 1291 695 1370 hortarer,
718 1296 758 1354 ut
783 1310 860 1353 earn
890 1289 999 1353 laudis
1024 1289 1117 1351 viam

203 1394 423 1457 rectissimam
446 1415 518 1458 esse
540 1395 683 1474 duceret,
698 1415 802 1477 quam
823 1394 966 1478 majores
989 1393 1062 1476 ejus
1084 1393 1118 1455 ei

204 1499 318 1562 tritam
344 1498 561 1581 reliquissent
606 1499 680 1563 282.
704 1499 787 1562 Erat
808 1499 898 1561 enim
923 1519 1000 1560 curn
1022 1497 1119 1558 insti·

204 1608 300 1667 tutus
324 1605 451 1689 optime
471 1610 546 1668 tum
568 1605 673 1668 etiarn
697 1602 838 1689 perfecte
859 1603 1024 1688 planeque
1044 1622 1118 1664 eru·

204 1706 313 1787 ditus3
335 1709 508 1791 ineratque
534 1715 568 1772 et
589 1709 762 1793 ingenium
786 1708 867 1771 satis
888 1707 961 1770 acre
986 1710 1021 1767 et
1046 1726 1119 1767 ora·

204 1813 307 1877 tionis
337 1834 404 1877 non
434 1814 604 1899 inelegans
630 1813 747 1898 copia:
777 1817 1013 1897 praetereaque
1044 1810 1118 1873 sine

207 1918 396 2003 arrogantia
411 1920 519 2003 gravis
542 1939 614 1982 esse
628 1918 802 1982 videbatur
823 1923 857 1981 et
879 1917 950 1980 sine
974 1915 1120 2001 segnitia

205 2022 420 2086 verecundus.
467 2022 535 2087 Sed
557 2024 795 2107 huncquoque
810 2022 981 2086 absorbuit
1004 2026 1119 2084 aestus

206 2126 346 2211 quidam
377 2127 468 2190 non*
496 2127 650 2191 insolitae
680 2128 945 2191 adolescentibus
975 2126 1119 2211 gloriaez

206 2232 266 2314 qui
288 2232 369 2313 quia
385 2238 522 2296 navarat
537 2231 633 2295 miles
650 2253 784 2317 operam
801 2232 999 2317 imperatori,
1014 2232 1121 2316 impe·

205 2342 348 2400 retorem
365 2356 400 2400 se
416 2337 530 2400 statim
546 2358 618 2400 esse
633 2338 808 2421 cupiebat3
829 2336 884 2400 cui
898 2336 1028 2399 muneri
1043 2355 1120 2399 mos

207 2441 374 2524 majorum
401 2446 547 2505 aetatem
570 2450 694 2504 certam
720 2447 841 2504 sortem
863 2442 1022 2504 incertam
1048 2439 1121 2502 reli·

207 2546 290 2629 quit.
337 2545 390 2610 Ita
419 2546 615 2631 gravissimo
647 2566 708 2610 suo
740 2567 830 2625 casu,
859 2545 942 2609 dum
975 2544 1055 2628 Cyri
1086 2549 1122 2607 et

210 2650 389 2716 Alexandri
410 2652 527 2716 similis
550 2672 622 2714 esse
645 2650 759 2729 voluit,
781 2651 839 2734 qui
862 2670 961 2714 suum
984 2668 1121 2712 cursum

207 2761 474 2835 transcurrerunt,
490 2763 524 2820 et
546 2755 585 2819 L.
604 2755 716 2818 Crassi
731 2762 766 2819 et
785 2754 965 2819 multorum
984 2753 1123 2816 Crasso·

207 2879 282 2926 rum
298 2862 452 2924 inventus
468 2865 519 2923 est
534 2859 787 2924 dissimillimus.
829 2858 1007 2924 LXXXII.
1045 2857 1122 2921 283.

211 2965 278 3030 Sed
302 2965 344 3029 ad
367 2965 509 3029 Calvum
535 2964 577 3051 (is
600 2966 692 3028 enim
707 2965 803 3028 nobis
825 2970 895 3028 erat
915 2962 1121 3048 propositus)

207 3076 426 3135 revertamurr
441 3071 506 3153 ¹qui
529 3075 637 3133 orator
659 3068 815 3133 fuisset*
837 3089 914 3132 cunr
929 3068 1031 3131 literis
1051 3088 1125 3129 eru·

208 3174 307 3239 ditior
328 3196 431 3257 quam
457 3175 566 3253 Curi0,
585 3180 661 3238 turn
684 3176 787 3238 etiam
809 3174 995 3238 accuratius
1018 3172 1124 3255 quod·

239 3357 253 3382 ⁴*
269 3357 323 3408 Non
335 3359 356 3407 is
367 3359 477 3422 wanting
488 3359 514 3407 iu
525 3359 559 3407 ell
570 3359 611 3407 the
621 3360 787 3423 manuscripts
798 3360 848 3408 and
858 3359 885 3407 in
894 3358 936 3408 the
947 3358 994 3406 Ed.
1005 3357 1091 3406 Princ.

240 3436 268 3461 ‘⁴'
286 3438 320 3488 So
332 3440 366 3487 all
377 3440 418 3488 the
429 3440 592 3504 manuscripts
605 3440 654 3488 and
667 3440 708 3489 the
719 3440 766 3490 Ed.
777 3440 860 3491 Princ.
891 3440 1002 3493 corrado
1013 3438 1126 3504 adopted

200 3517 263 3582 snit,
274 3522 401 3583 approved
410 3522 444 3586 by
455 3521 542 3587 Meyer
553 3522 603 3571 and
613 3521 688 3572 Jahn.
