2542 4117
421 341 556 386 saurus.
602 344 673 388 cir.
696 344 789 392 uxrr.
1019 325 1063 392 87

144 496 300 580 inquam,
314 502 423 561 tacere
444 518 513 562 non
537 495 708 581 poteritis?
747 497 820 562 Nos
841 498 987 581 quidem,
1014 500 1062 565 in·

145 603 232 685 quit,
244 601 419 666 facillime:
435 602 492 665 sed
507 608 621 666 tamen
636 608 671 665 te
687 602 821 666 arbitror
836 603 933 668 malle
948 605 1059 690 ipsum

144 712 259 770 tacere
296 727 400 789 quam
432 706 695 770 taciturnitatem
732 714 878 771 nostram
916 711 1061 794 experiri.

145 811 224 874 232.
250 810 341 874 'l‘um
357 832 429 896 ego,
446 811 540 890 Vere,
555 812 704 895 inquam,
718 813 789 891 tibi,
805 813 917 893 Brute,
932 813 1061 879 dicam:

145 936 217 979 non
232 936 287 978 me
299 915 486 978 existimavi
502 916 536 980 in
552 916 615 979 hoc
630 937 780 979 sermone
796 938 900 1000 usque
916 918 959 981 ad
975 919 1061 983 hanc

147 1027 298 1084 aetatem
315 1041 386 1083 esse
400 1026 594 1084 ventumm:
616 1018 673 1084 sed
694 1020 742 1084 ita
762 1022 863 1085 traxit
877 1021 956 1085 ordo
972 1029 1062 1087 aeta·

147 1131 226 1189 tum
250 1126 444 1205 orationem,
460 1132 498 1187 ut
513 1126 585 1209 jam
608 1125 652 1189 ad
674 1127 817 1191 minores
833 1128 936 1191 etiam
952 1148 1062 1213 perve-

149 1232 268 1294 nerim.
315 1230 490 1316 Interpone
506 1231 615 1316 igitur,
630 1231 748 1314 inquit,
763 1233 792 1296 si
812 1254 896 1315 quos
917 1233 1064 1297 videtur:

148 1334 273 1399 deinde
288 1334 462 1398 redeamus
478 1334 521 1398 ad
534 1342 567 1399 te
579 1340 613 1399 et
627 1335 670 1398 ad
688 1335 912 1401 Hortensium.
951 1339 1061 1402 Immo

148 1460 239 1518 vcro,
254 1440 402 1523 inquam,
418 1438 462 1503 ad
478 1438 714 1504 Hortensium:
735 1440 777 1504 de
793 1462 847 1505 me
864 1442 921 1506 alii
940 1442 1062 1523 dicent,

150 1545 179 1608 si
207 1546 266 1628 qui
292 1544 411 1608 volent.
459 1544 600 1608 Minime
626 1566 713 1624 vero,
738 1546 864 1628 inquit:
894 1568 974 1612 nam
998 1549 1062 1612 etsi

150 1671 207 1713 me
230 1647 326 1713 facile
348 1650 441 1713 omni
466 1655 526 1712 tuo
556 1671 707 1713 sermone
729 1652 876 1729 tenuisti,
897 1658 1011 1716 tamen
1032 1654 1062 1717 is

149 1755 236 1819 mihi
258 1754 386 1840 longior
401 1754 538 1834 videtur,
553 1754 644 1837 quod
659 1775 794 1839 propero
810 1755 924 1819 audire
946 1755 987 1819 de
1009 1762 1062 1837 te;

150 1881 215 1924 uec
244 1880 319 1922 vero
349 1865 421 1923 tam
449 1859 490 1922 de
517 1859 693 1922 virtutibus
716 1858 846 1922 dicendi
872 1859 949 1938 tuis,
976 1881 1062 1942 quae

151 1986 231 2029 cum
259 1964 415 2028 omnibus
441 1970 515 2027 tum
538 1970 624 2028 certe
649 1964 732 2027 milri
755 1963 950 2027 notissimae
974 1969 1063 2045 sunt,

151 2091 256 2153 quam
280 2070 371 2153 quod
397 2069 519 2155 gradus
541 2074 617 2133 tuos
642 2073 677 2132 et
697 2069 793 2152 quasi
820 2089 992 2153 processus
1014 2068 1064 2132 di·

150 2176 250 2240 cendi
268 2175 386 2239 studeo
402 2195 607 2260 cognoscere.
652 2173 725 2237 233.
751 2173 898 2252 Gemtnr,
913 2174 1062 2257 inquam,

149 2283 214 2345 tibi
236 2302 327 2345 mos:
350 2281 511 2364 quoniam
537 2300 683 2343 menon
708 2279 834 2365 ingenii
860 2278 1064 2363 praedicato·

149 2408 221 2451 rem
249 2407 321 2450 esse
347 2387 396 2449 vis
419 2384 478 2448 sed
503 2384 624 2448 laboris
651 2385 726 2448 mei.
773 2383 901 2448 Verum
922 2384 1063 2469 interpo-

150 2513 244 2570 nam,
266 2497 305 2554 ut
327 2491 444 2575 placet,
467 2489 560 2568 alios,
583 2495 617 2553 et
643 2510 663 2552 a
692 2488 738 2553 M.
765 2489 895 2569 Crasso,
919 2490 978 2571 qui
999 2487 1064 2553 suit

151 2596 303 2680 aequalis
321 2596 497 2674 Hortensii,
513 2594 669 2658 exordiar.

156 2759 160 2764 .
198 2700 328 2766 LXVI.
357 2702 389 2765 Is
418 2702 519 2787 igitur
548 2699 755 2764 mediocriter
785 2719 806 2761 a
836 2697 985 2760 doctrina
1014 2697 1063 2760 in·

151 2813 297 2872 structus
320 2807 495 2892 angustius
517 2806 619 2869 etiam
644 2826 665 2869 a
685 2811 811 2894 natura
825 2803 935 2867 labore
957 2809 991 2866 et
1013 2803 1063 2866 in·

151 2912 289 2991 dustria,
304 2917 338 2974 et
352 2911 440 2995 quod
458 2911 636 2974 adhibebat
658 2910 700 2973 ad
724 2908 921 2973 obtinendas
942 2927 1062 2971 causas

152 3040 268 3083 curam
292 3018 395 3080 etiam
416 3022 449 3079 et
469 3017 620 3101 gratiam,
635 3016 670 3078 in
693 3015 893 3098 principibus
915 3010 1062 3096 patronis

151 3124 284 3208 aliquot
313 3143 419 3185 annos
448 3120 521 3186 suit.
577 3120 616 3184 In
647 3119 745 3202 hujus
776 3117 923 3180 oratione
953 3134 1061 3177 sermo

153 3229 301 3294 Latinus
324 3233 397 3291 erat
422 3229 520 3290 verba
544 3246 611 3288 non
635 3224 764 3308 abjecta
785 3243 835 3285 res
858 3218 1061 3304 compositae

151 3334 345 3420 diligentem
360 3331 471 3396 nullus
487 3329 547 3394 flos
562 3335 674 3393 tamen
688 3349 795 3411 neque
810 3327 923 3390 lumen
939 3322 1044 3386 ullum
1057 3342 1065 3404 ;

151 3440 261 3504 animi
285 3459 410 3524 magna
432 3437 522 3501 vocis
543 3455 646 3520 parva
668 3433 846 3510 contentio,
862 3430 975 3493 omnia
997 3428 1063 3491 fere

152 3552 192 3611 ut
217 3544 368 3609 similiter
395 3550 493 3627 atque
519 3561 587 3605 uno
610 3538 712 3604 modo
739 3537 929 3603 dicerentur.
975 3534 1065 3601 Nam
