2542 4117
202 315 245 381 50
444 333 579 378 saurus.
624 332 695 376 car.
718 332 866 376 xxxvnr.

204 510 291 574 quae
321 489 447 576 proprie
475 488 549 551 lans
579 489 716 551 oratoris
743 493 793 550 cst
821 488 857 549 in
885 485 994 549 verbis
1023 484 1119 571 (nam

205 597 316 681 ipsum
344 594 466 660 Latine
492 593 583 676 loqui
605 600 658 657 est
678 592 759 656 illud
782 591 927 675 quidem,
942 597 981 654 ut
1005 590 1120 675 paullo

206 706 284 764 ante
309 699 387 778 dixi,
402 700 436 762 in
459 719 584 783 magna
606 697 705 762 laude
732 696 942 782 ponendum3
966 696 1025 759 sed
1050 716 1120 759 non

206 812 277 869 tam
300 826 363 869 sna
383 809 509 888 sponte,
524 824 627 885 quam
650 802 740 886 quod
761 808 812 865 est
834 823 855 865 a
878 800 1040 887 plerisque
1065 820 1123 863 ne·

207 910 371 996 glectum:
403 929 470 972 non
500 909 590 971 enim
619 913 690 971 tarn
721 907 926 991 praeclarum
955 910 1008 969 est
1037 906 1123 968 scire

210 1015 331 1079 Latine
355 1034 457 1098 quam
481 1019 576 1098 turpe
599 1013 742 1093 nescire;
765 1033 872 1095 neque
886 1018 958 1075 tam
979 1011 1015 1074 id
1037 1012 1124 1075 mihi

209 1119 346 1184 oratoris
368 1118 447 1181 boni
469 1138 573 1200 quam
589 1118 671 1181 civis
689 1117 833 1182 Romani
849 1117 1016 1202 proprium
1031 1117 1124 1180 vide·

209 1224 295 1309 tur);
318 1222 376 1287 sed
398 1229 509 1286 tamen
537 1223 705 1286 Antonius
720 1223 755 1286 in
776 1223 881 1286 verbis
903 1228 938 1285 et
960 1221 1124 1307 eligendis

211 1329 333 1413 (neque
355 1326 390 1390 id
412 1328 524 1411 ipsum
539 1332 610 1391 tam
626 1326 745 1412 leporis
758 1349 860 1391 causa
874 1348 978 1410 quam
996 1326 1125 1411 ponde·

209 1433 267 1517 ris)
285 1437 318 1495 et
332 1431 532 1495 collocandis
544 1438 578 1495 et
589 1433 882 1518 comprehensione
897 1432 1125 1497 devinciendis

211 1536 293 1601 nihil
314 1557 383 1600 non
405 1537 448 1600 ad
470 1537 634 1601 rationem
651 1544 685 1601 et
699 1545 873 1620 tamquam
889 1537 933 1602 ad
949 1544 1052 1601 artem
1075 1537 1125 1600 di·

210 1642 356 1727 rigebat:
379 1663 493 1705 verum
508 1642 615 1706 multo
631 1643 743 1728 magis
759 1643 822 1706 boc
836 1642 926 1705 idern
942 1642 976 1705 in
992 1649 1125 1706 senten·

211 1747 334 1811 tiarum
364 1748 568 1811 ornamentis
601 1753 636 1810 et
668 1746 992 1811 conformationibus.
1049 1747 1126 1812 141.

217 1851 297 1930 Quo
313 1874 430 1938 genere
446 1854 526 1936 quia
544 1859 689 1937 praestat
703 1854 858 1916 omnibus
871 1853 1126 1932 Demosthenes,

213 1957 334 2022 idcireo
357 1979 379 2021 a
400 1958 508 2021 doctis
523 1962 691 2020 oratorum
706 1963 757 2020 est
780 1959 930 2042 princeps
945 1958 1126 2042 judicatus.

214 2066 334 2138 Σχήματα
349 2063 438 2124 enim
454 2082 541 2144 quae
557 2067 678 2126 vocant
702 2062 833 2142 Graeci,
849 2084 889 2126 ea
907 2064 1055 2126 maxime
1077 2085 1128 2126 or·

214 2171 299 2231 nant
320 2171 499 2245 oratorem;
521 2186 626 2248 eaque
642 2188 709 2230 non
724 2168 846 2231 tamin
861 2168 968 2231 verbis
987 2169 1129 2253 pingen-

216 2278 267 2341 dis
283 2278 406 2339 habent
426 2276 558 2360 pondus
582 2298 684 2359 quam
700 2278 735 2341 in
751 2277 979 2341 illuminandis
996 2284 1130 2341 senten-

216 2383 280 2446 tiis.
326 2380 526 2445 XXXVIII.
551 2380 618 2444 Sed
636 2403 713 2445 cum
730 2384 815 2446 haee
829 2404 954 2468 magna
969 2384 1004 2446 iu
1024 2384 1131 2447 Anto·
1187 2369 1190 2373 Δ

218 2486 274 2549 nio
297 2491 371 2549 tum
395 2486 482 2550 actio
506 2486 698 2571 siugularis;
721 2508 807 2570 quae
830 2489 859 2550 si
882 2487 1055 2572 partienda
1077 2493 1131 2550 est

217 2592 252 2655 in
268 2598 400 2677 gestum
416 2597 516 2675 atque
531 2613 657 2670 vocem,
669 2598 782 2677 gestus
795 2598 864 2655 erat
879 2613 946 2656 non
962 2594 1060 2655 verba
1076 2613 1132 2654 ex·

219 2697 363 2781 primens
394 2697 451 2760 sed
478 2718 555 2761 cum
586 2698 758 2761 sententiis
780 2718 984 2782 congruens:
1006 2718 1131 2760 manus

220 2802 348 2866 humeri
379 2800 483 2865 latera
514 2801 685 2886 supplosio
715 2801 809 2887 pedis
840 2808 948 2866 status
978 2802 1132 2866 incessus

221 2906 395 2989 omnisque
419 2913 531 2970 motus
554 2928 631 2970 cum
651 2907 780 2970 verbis*
799 2908 1038 2990 sententiisque
1053 2928 1134 2971 eon·

221 3012 385 3093 sentiens;
399 3032 463 3075 vox
479 3032 675 3096 permanens
690 3032 804 3075 verum
821 3014 987 3076 subrauca
1002 3019 1134 3076 natura.

223 3117 292 3183 Sed
314 3118 377 3181 hoc
399 3118 518 3181 vitium
540 3117 617 3181 huic
639 3118 699 3180 uni
713 3117 748 3179 in
765 3118 890 3181 bonum
911 3119 1135 3182 convertebat.

222 3223 294 3287 142.
319 3222 476 3287 Habebat
491 3223 580 3286 enim
597 3221 704 3286 flebile
725 3221 885 3305 quiddam
901 3222 936 3287 in
951 3223 1136 3305 questioni·

249 3476 263 3500 ⁴*
278 3477 393 3527 Ellendt:
409 3475 480 3524 rebus.
512 3474 600 3540 Meyer
613 3476 718 3527 incloses
729 3476 770 3528 the
781 3476 864 3528 clausa
877 3493 928 3527 enm
940 3476 1012 3526 verbu
1031 3511 1136 3528 .....

216 3558 354 3609 consentiens
364 3560 392 3609 in
402 3557 524 3609 brackets.
