2542 4117
208 291 251 358 76
489 312 624 358 saurus.
664 314 734 355 cnr.
758 311 840 356 nvn.

210 467 255 531 sis
292 464 487 550 recipiendis
521 472 608 544 erat3
639 464 846 531 fastidiosior
880 464 1033 544 Crassus,
1064 460 1131 527 sed

208 578 323 636 tamen
343 572 531 656 recipiebat.
578 571 707 635 Horum
723 571 782 653 qui
797 576 953 635 neutrum
969 572 1130 647 habebat,

210 676 426 760 confugiebat
436 676 480 740 ad
494 676 685 761 Philippum
697 674 763 739 iere
775 675 890 739 autad
905 675 1083 739 Caesarem
1094 696 1104 736 z
1114 674 1132 704 ¹⁸

214 781 316 844 Cotta
331 786 364 845 et
382 780 551 866 Sulpicius
574 784 821 866 expetebantur.
868 780 919 844 Ita
935 782 978 843 ab
994 780 1046 843 his
1067 799 1131 842 sex

211 886 359 971 patronis
382 907 504 950 causae
526 885 670 950 illustres
697 887 900 971 agebantur:
922 906 1030 968 neque
1052 891 1130 948 tam

211 990 319 1056 multa
341 1012 443 1074 quam
468 997 580 1055 nostra
595 996 706 1055 aetate
720 990 848 1075 judicia
866 988 1000 1068 fiebant,
1017 1010 1131 1072 neque

212 1096 284 1173 hoc,
308 1095 398 1179 quod
423 1117 512 1159 nune
533 1094 581 1175 iit,
596 1102 635 1159 ut
657 1116 779 1159 causae
802 1094 953 1180 singulae
972 1094 1132 1158 defende·

211 1206 323 1265 rentur
347 1222 368 1263 a
392 1199 549 1284 pluribus,
571 1221 640 1283 quo
666 1200 748 1264 nihil
770 1206 822 1263 est
844 1200 1006 1264 vitiosius.
1052 1197 1131 1262 208.

215 1304 471 1389 Respondemus
494 1306 545 1382 iis,
566 1327 652 1389 quos
676 1327 741 1369 non
765 1305 974 1368 audivimus:
999 1306 1033 1368 in
1059 1325 1131 1385 quo

213 1411 357 1494 primum
381 1431 480 1494 saepe
496 1410 590 1474 aliter
612 1417 664 1474 est
685 1410 812 1474 dietum
828 1410 923 1473 aliter
944 1410 986 1473 ad
1004 1431 1065 1473 nos
1080 1431 1131 1472 re·

212 1514 340 1578 latum:
363 1514 483 1578 deinde
506 1516 621 1601 magni
643 1516 779 1579 interest
801 1536 912 1579 eoram
931 1515 1040 1578 videre
1064 1535 1132 1592 me,

214 1620 502 1703 quemadmodum
529 1621 736 1685 adversarius
762 1621 804 1685 de
828 1641 961 1704 quaque
984 1641 1017 1683 re
1040 1641 1133 1682 asse·

214 1731 313 1805 vetet,
329 1725 506 1789 maximi'*
526 1732 652 1805 autem,
667 1724 953 1809 quemadmodum
975 1745 1133 1808 quaeque

213 1851 265 1895 res
296 1831 459 1895 audiatur.
516 1830 584 1895 Sed
615 1830 696 1895 nihil
726 1831 877 1894 vitiosius
907 1852 1020 1913 quam,
1050 1849 1133 1893 eum

215 1957 323 2000 unum
350 1957 469 2022 eorpus
495 1935 616 2000 debeat
638 1957 710 1999 esse
734 1934 946 2015 defensionis,
968 1936 1061 1999 nasei
1088 1933 1133 1998 de

214 2041 344 2126 integro
375 2062 523 2120 eausam,
555 2062 631 2105 oum
670 2042 715 2104 sit
751 2043 794 2105 ab
830 2041 933 2104 altero
967 2046 1133 2125 perorata.

216 2145 291 2209 209.
316 2146 480 2210 Omnium
505 2146 595 2209 enim
620 2166 799 2209 causarum
823 2166 931 2208 unum
956 2151 1007 2208 est
1034 2151 1134 2208 natu·

216 2250 283 2313 rale
311 2251 509 2335 principium
540 2271 610 2314 una
635 2250 814 2336 peroratio:
844 2250 990 2333 reliquae
1021 2255 1134 2334 partes

217 2355 314 2437 quasi
337 2356 485 2419 membra
508 2377 570 2419 suo
586 2377 739 2439 quaeque
762 2355 836 2418 loco
858 2354 967 2418 locata
983 2375 1081 2418 suam
1096 2360 1136 2417 et

216 2459 286 2522 vim
309 2465 344 2523 et
365 2459 564 2545 dignitatem
587 2467 713 2524 tenent.
760 2460 850 2523 Cum
865 2465 979 2523 autem
999 2458 1134 2522 difficile

218 2564 263 2628 sit
286 2564 320 2627 in
346 2564 448 2650 longa
470 2566 617 2630 oratione
641 2586 709 2629 non
734 2565 916 2647 aliquando
932 2565 1060 2648 aliquid
1083 2566 1136 2629 ita

219 2668 335 2748 dicere,
350 2676 390 2733 ut
404 2671 466 2734 sibi
482 2672 553 2756 ipse
569 2692 635 2734 non
652 2670 846 2750 conveniam
869 2678 995 2752 quanto
1016 2669 1135 2733 diffici-

218 2772 283 2837 lius
309 2795 433 2853 cavere,
450 2796 490 2838 ne
517 2776 598 2857 quid
622 2775 725 2855 dieas,
750 2775 841 2858 quod
863 2796 930 2838 non
954 2776 1136 2838 conveniat

219 2879 291 2962 ejus
315 2879 465 2958 orationi,
487 2880 545 2962 qui
571 2886 650 2943 ante
671 2887 705 2944 te
728 2880 864 2945 dixerit!
906 2879 973 2944 Sed
996 2880 1077 2961 quia
1100 2884 1136 2942 et

250 3120 264 3145 ⁴⁹
280 3121 418 3170 Lambinus
434 3121 528 3169 added:
549 3120 671 3169 serrrndam
689 3118 828 3184 Philippum
843 3128 866 3169 ee
885 3118 1013 3169 Caesarem.
1047 3118 1138 3182 Meyer

219 3204 334 3267 properly
345 3203 431 3266 rejects
441 3203 482 3251 tbe
494 3203 666 3258 emendatiou;
684 3201 759 3251 Cotta
768 3203 819 3251 aud
831 3202 957 3266 Sulpicius
968 3215 1032 3249 were
1043 3199 1137 3263 souglrt

220 3300 249 3334 or
265 3285 394 3348 preferred,
403 3285 476 3333 while
484 3284 615 3348 Philippus
624 3285 674 3333 and
685 3283 770 3333 Cesar
780 3298 844 3333 were
852 3284 984 3349 employed
995 3283 1059 3332 from
1069 3290 1138 3332 want

220 3365 249 3415 of
262 3366 340 3415 better
351 3367 490 3414 advocates.

251 3446 279 3471 '⁹’
296 3448 426 3498 Excellent
437 3447 594 3498 emendation
605 3446 634 3497 of
647 3446 793 3507 Buttmann,
804 3445 842 3508 ior
853 3445 894 3496 the
905 3460 1021 3496 common
1031 3444 1137 3508 reading

221 3544 327 3579 nasama
