2542 4117
424 325 561 368 saurus.
605 325 676 368 cnr.
699 324 759 367 vu.
1025 303 1047 369 9

130 479 264 543 facturn
293 500 366 542 esse
391 478 537 542 victoria.
584 478 652 542 Sed
682 499 750 561 quo
779 476 908 544 facilius
938 499 1046 543 sermo

132 583 324 667 explicetur,
350 582 513 662 sedentes,
539 583 567 645 si
593 582 731 663 videtur,
758 604 910 669 agamus.
958 583 1046 647 Cum

130 688 225 751 idem
259 687 439 772 placuisset
471 687 545 766 illis,
576 693 651 751 tum
685 689 721 752 in
753 687 889 773 pratulov
917 696 1047 774 propter

134 791 288 857 Platonis
311 797 459 856 statuam
482 792 706 874 consedimus.

178 896 232 959 25.
258 896 324 960 Hic
349 917 421 982 ego,
449 895 604 960 Laudare
625 898 729 982 igitur
752 896 988 981 eloquentiam,
1013 902 1048 961 et

133 1008 242 1085 quan
244 1023 264 1065 a
286 1003 336 1065 vis
359 1002 402 1065 sit
424 1001 505 1085 ejus,
525 1022 724 1087 expromere,
746 1003 1005 1086 quantamque
996 1002 1048 1081 ris,

133 1107 399 1200 quisinteam
385 1107 565 1200 consecuti,
581 1106 778 1192 dignitatem
802 1105 924 1187 afferat,
940 1128 1047 1190 neque

133 1192 493 1296 propositum-*nohis
471 1218 522 1274 est
538 1210 685 1275 hocloco
696 1233 803 1295 neque
816 1213 1048 1275 necessarium.
1073 1289 1094 1302 W

135 1315 215 1392 Hoc
238 1337 315 1379 vero
345 1316 417 1379 sine
444 1314 512 1379 ulla
542 1315 749 1380 dubitatione
775 1291 1055 1395 confirmaverim,
1069 1305 1091 1316 ”

134 1422 206 1484 sive
232 1419 365 1483 illat
314 1426 384 1484 arte
408 1420 518 1505 pariat
519 1441 557 1483 ur
584 1420 748 1504 aliqua
722 1442 791 1484 s1ve
816 1421 1049 1485 exercitatione

136 1525 287 1608 quadam
318 1526 387 1589 sive
411 1531 539 1604 natura,
564 1546 634 1589 rem
660 1547 766 1590 unam
792 1546 865 1589 esse
895 1527 1048 1590 omnium

135 1628 376 1693 difficillimam.
426 1630 558 1707 Quibus
585 1630 675 1693 enim
706 1652 746 1693 ex
775 1631 922 1713 quinque
950 1632 1048 1694 rebus

136 1740 291 1799 constare
329 1734 458 1814 dicitur,
496 1756 610 1798 earum
649 1756 869 1819 unaquaeque
906 1740 958 1798 est
994 1756 1049 1799 ars

135 1839 363 1951 ipwgna
392 1859 450 1924 per
476 1860 557 1903 sese.
606 1838 719 1917 Quare
749 1839 896 1922 quinque
926 1839 1071 1922 artium¹

136 1965 318 2024 concursus
343 1945 565 2008 maximarum
591 1950 756 2028 quantam
778 1944 847 2006 vim
873 1947 1049 2025 quantam·

135 2070 202 2132 que
217 2047 448 2112 difficultatem
465 2049 598 2128 habeat,
613 2049 794 2112 existimari
810 2053 927 2134 potest
968 2047 1048 2112 VIL

134 2153 188 2217 26.
214 2152 325 2217 Testis
352 2159 403 2217 est
429 2153 580 2233 Graecia,
603 2175 702 2236 quae,
730 2175 808 2217 cum
838 2152 1048 2236 eloquentiae

136 2258 251 2322 studio
285 2259 329 2321 sit
364 2258 503 2321 incensa
530 2257 730 2343 jamdiuque
767 2257 908 2321 excellat
939 2258 973 2320 in
1008 2278 1049 2321 ea

134 2369 347 2449 praestetque
377 2364 502 2440 ceteris,
521 2369 637 2427 tamen
660 2383 777 2426 omnes
801 2368 888 2426 artes
912 2362 1049 2426 vetusti·

135 2488 210 2532 ores
241 2468 341 2532 habet
370 2473 405 2531 et
434 2466 540 2531 multo
563 2474 643 2530 ante
669 2489 736 2531 non
758 2468 910 2531 inventas
936 2468 1045 2531 solum

137 2572 198 2637 sed
228 2573 332 2636 etiam
356 2570 526 2658 perfectas,
549 2586 653 2655 quam
685 2573 767 2636 haec
791 2577 843 2635 est
865 2593 886 2636 a
910 2572 1049 2635 Graecis

135 2678 307 2741 elaborata
336 2678 468 2741 dicendi
497 2678 547 2741 vis
578 2684 679 2760 atque
710 2677 816 2761 copia.
872 2676 911 2741 In
944 2696 1048 2760 quam

135 2804 215 2847 cum
237 2783 377 2861 intueor,
393 2784 539 2846 maxime
561 2783 645 2845 mihi
667 2787 849 2860 occurrunt,
869 2782 990 2859 Attice,
1014 2788 1049 2845 et
1104 2792 1106 2798 ’

135 2888 234 2971 quasi
249 2886 362 2951 lucent
385 2887 536 2951 Athenae
552 2875 642 2965 tuae,
658 2909 726 2970 qua
742 2888 775 2950 in
800 2889 880 2950 urbe
903 2886 1047 2971 primum

136 3013 172 3056 se
196 2997 306 3056 orator
331 2991 458 3072 extulit,
474 2993 684 3077 primumque
700 2992 802 3055 etiam
818 2990 1047 3055 monumentis

136 3103 172 3161 et
186 3097 287 3160 literis
303 3097 410 3161 oratio
425 3103 476 3160 est
491 3103 610 3183 coepta
632 3097 792 3160 mandari.
836 3096 887 3158 27.
912 3095 1046 3159 Tamen

138 3209 217 3267 ante
236 3202 407 3281 Periclem,
432 3205 527 3287 cujus
551 3202 673 3287 scripta
699 3201 867 3284 quaedam
888 3199 1046 3281 feruntur,

135 3313 170 3371 et
187 3306 430 3391 Thucydidem,
442 3308 500 3390 qui
516 3328 582 3371 non
598 3308 813 3371 nascentibus
832 3306 971 3372 Athenis
987 3303 1047 3370 sed

11 3483 13 3508 ἦ
132 3411 204 3497 jam
221 3411 346 3475 adultis
362 3410 503 3491 fuerunt,
519 3412 611 3476 litera
627 3412 719 3476 nulla
734 3418 793 3492 est,
808 3433 893 3496 quae
909 3411 1045 3495 quidem

137 3524 293 3581 ornatum
305 3516 449 3601 aliquem
466 3518 587 3581 habeat
602 3525 636 3581 et
651 3518 786 3581 oratoris
799 3539 870 3580 esse
886 3515 1046 3580 videatur.
