2542 4117
228 308 271 374 26
524 334 659 378 saurus.
704 334 774 377 cxr.
796 335 853 379 xx.

228 505 330 567 quern
357 485 391 549 in
415 486 546 551 vatibus
569 492 603 551 et
626 487 753 551 Faunis
775 488 972 553 enumerat'
994 489 1140 571 Ennius,

228 589 351 654 bellurn
381 590 546 656 Punicum
572 594 669 676 quasi
698 594 846 678 Myronis
872 616 956 679 opus
985 595 1139 660 delectat.

228 694 280 758 76.
306 695 360 759 Sit
376 697 507 761 Ennius
523 719 613 777 sane,
628 706 668 762 ut
687 705 739 762 est
760 705 855 778 certe,
871 698 1056 784 perfectior3
1078 701 1141 783 qui
1265 705 1266 728 ³

229 800 258 863 si
286 798 390 881 illum,
416 807 456 865 ut
484 802 629 882 simulat,
661 810 896 885 contemneret,
926 826 992 869 non
1022 808 1142 869 omnia
1265 803 1266 808 ’

227 904 314 968 bella
337 927 535 990 persequens
558 909 703 992 primurn
729 908 810 972 illud
834 909 998 973 Punicum
1024 911 1141 973 acerri-

228 1030 325 1074 mum
350 1012 474 1075 bellum
496 1012 690 1095 reliquisset.
737 1013 805 1077 Sed
826 1016 897 1098 ipse
921 1014 1008 1093 dicit,
1023 1036 1080 1078 cur
1100 1014 1141 1078 id

228 1114 348 1180 iaciat:
379 1120 544 1198 scripsere,
574 1120 691 1202 inquit,
721 1121 779 1183 olii
811 1140 878 1183 rem
913 1121 1073 1197 uersibus;
1102 1126 1141 1183 et

228 1219 395 1285 luculente
426 1222 561 1304 quidem
591 1225 797 1307 scripserunt,
827 1224 928 1287 etiam
963 1224 991 1286 si
1024 1225 1140 1287 minus

228 1347 332 1409 quam
347 1334 385 1389 tu
401 1326 511 1411 polite.
556 1328 627 1391 Nec
639 1350 715 1391 vero
730 1330 790 1391 tibi
807 1328 898 1391 aliter
913 1328 1014 1390 videri
1029 1328 1140 1406 debet,

228 1432 286 1513 qui
302 1452 323 1494 a
341 1431 472 1494 Naevio
486 1432 539 1496 vel
554 1434 703 1497 sumsisti
723 1434 841 1512 multa,
857 1434 884 1496 si
899 1432 1019 1513 fateris,
1033 1434 1094 1513 vel,
1108 1434 1141 1496 si

228 1556 343 1619 negas,
360 1537 552 1620 surripuisti.

272 1641 324 1702 77.
351 1641 438 1704 Cum
462 1642 524 1705 hoc
550 1641 678 1706 Catone
693 1643 882 1727 grandiores
901 1651 984 1708 natu
1005 1641 1142 1706 suerunt

233 1743 271 1807 C.
297 1744 495 1825 Flaminius,
523 1746 559 1810 O.
587 1746 703 1826 Varro,
730 1747 772 1825 Q.
797 1747 975 1828 Maximus,
1004 1747 1047 1825 Q.
1070 1748 1142 1811 Me·

228 1849 336 1929 tellus,
350 1850 387 1914 P.
406 1851 580 1930 Lentulus,
597 1852 632 1915 P.
651 1852 800 1931 Crassus,
811 1854 868 1935 qui
884 1874 962 1916 cum
974 1854 1140 1937 superiore

231 1955 387 2021 Africano
410 1958 527 2021 consul
548 1957 620 2021 fuit.
667 1959 781 2043 Ipsum
800 1958 992 2042 Scipionem
1013 1958 1139 2041 accepi·

228 2081 306 2124 mus
333 2081 400 2123 non
422 2060 584 2124 infantem
608 2060 718 2126 fuisse.
765 2062 871 2126 Filius
894 2062 1028 2145 quidem
1057 2063 1139 2145 ejus,

228 2165 267 2243 is,
279 2166 336 2248 qui
353 2166 441 2228 hunc
454 2166 615 2229 minorem
632 2167 822 2252 Scipionem
837 2190 857 2231 a
871 2167 986 2231 Paullo
1002 2166 1140 2250 adopta-

228 2270 285 2347 vit,
308 2270 336 2331 si
359 2290 492 2354 corpore
514 2271 683 2350 valuisset,
697 2273 731 2335 in
757 2273 870 2356 primis
895 2274 1027 2336 habitus
1051 2277 1140 2335 esset

229 2373 378 2437 disertus.
425 2375 577 2439 Indicant
597 2398 676 2440 cum
692 2377 920 2440 oratiunculae
943 2384 1016 2441 tum
1039 2378 1139 2440 histo·
1264 2459 1266 2470 ἱ

227 2479 277 2542 ria
309 2479 475 2561 quaedam
503 2481 633 2545 Graeca
656 2483 777 2566 scripta
803 2482 1004 2545 dulcissime.
1063 2481 1137 2545 XX.

228 2583 279 2647 78.
305 2585 518 2669 Numeroque
548 2587 667 2650 eodem
698 2587 762 2650 fuit
797 2586 872 2651 Sex.
904 2588 1029 2666 Aelius,
1055 2588 1138 2671 juris

228 2690 364 2773 quidem
392 2692 496 2756 civilis
523 2694 675 2756 omnium
706 2694 923 2777 peritissimus
950 2692 1007 2755 sed
1035 2693 1139 2755 etiam

229 2794 271 2858 ad
295 2795 474 2859 dicendum
498 2803 641 2880 paratus.
688 2797 738 2860 De
762 2798 943 2860 minoribus
959 2802 1074 2860 autem
1101 2796 1139 2859 C.

231 2899 399 2984 Sulpicius
418 2900 545 2979 Gallus,
561 2903 619 2984 qui
642 2904 788 2965 maxime
804 2903 954 2965 omnium
977 2901 1139 2964 nobilium

232 3006 369 3070 Graecis
391 3005 490 3069 literis
513 3007 651 3085 studuit,
666 3008 761 3089 isque
777 3013 811 3069 et
833 3013 1000 3069 oratorum
1021 3006 1054 3068 in
1080 3027 1139 3070 nu·

228 3132 320 3175 mero
334 3118 384 3174 est
399 3113 541 3191 habitus,
553 3117 587 3175 et
601 3111 665 3175 fuit
679 3112 811 3193 reliquis
825 3113 922 3173 rebus
939 3117 1075 3173 ornatus
1092 3116 1140 3172 at·

228 3237 293 3297 que
317 3216 460 3300 elegans.
504 3216 583 3280 Jam
610 3217 699 3279 enim
724 3222 795 3279 erat
819 3217 948 3279 unctior
969 3214 1139 3297 quaedam

228 3319 493 3402 splendidiorque
524 3320 731 3384 consuetudo
759 3320 934 3403 loquendi:
964 3340 1044 3384 nam
1076 3320 1138 3382 hoe

499 3559 511 3585 “
529 3562 596 3611 Edit.
607 3562 704 3610 Priuer
719 3568 861 3610 cnnumuct
