<?xml version="1.0" encoding="UTF-8"?>
<!DOCTYPE html PUBLIC "-//W3C//DTD XHTML 1.0 Transitional//EN"
    "http://www.w3.org/TR/xhtml1/DTD/xhtml1-transitional.dtd">
<html xmlns="http://www.w3.org/1999/xhtml" xml:lang="en" lang="en">
 <head>
  <title>
</title>
<meta http-equiv="Content-Type" content="text/html;charset=utf-8" />
  <meta name='ocr-system' content='tesseract 3.04.00' />
  <meta name='ocr-capabilities' content='ocr_page ocr_carea ocr_par ocr_line ocrx_word'/>
</head>
<body>
  <div class='ocr_page' id='page_1' title='image "./brutus02cicegoog/brutus02cicegoog_0066.png"; bbox 0 0 2542 4117; ppageno 0'>
   <div class='ocr_carea' id='block_1_1' title="bbox 222 296 876 364">
    <p class='ocr_par' dir='ltr' id='par_1_1' title="bbox 222 296 876 364">
     <span class='ocr_line' id='line_1_1' title="bbox 222 296 876 364; baseline -0.009 0"><span class='ocrx_word' id='word_1_1' title='bbox 222 296 267 364; x_wconf 80' lang='grc'>48</span> <span class='ocrx_word' id='word_1_2' title='bbox 483 315 619 359; x_wconf 79' lang='lat' dir='ltr'>saurus.</span> <span class='ocrx_word' id='word_1_3' title='bbox 663 316 735 359; x_wconf 76' lang='lat' dir='ltr'>ose.</span> <span class='ocrx_word' id='word_1_4' title='bbox 756 315 876 360; x_wconf 80' lang='lat' dir='ltr'>xxxrr.</span> 
     </span>
    </p>
   </div>
   <div class='ocr_carea' id='block_1_2' title="bbox 223 458 1267 549">
    <p class='ocr_par' dir='ltr' id='par_1_2' title="bbox 223 458 1267 549">
     <span class='ocr_line' id='line_1_2' title="bbox 223 458 1267 549; baseline -0.003 -14"><span class='ocrx_word' id='word_1_5' title='bbox 223 491 291 536; x_wconf 90' lang='lat' dir='ltr'>non</span> <span class='ocrx_word' id='word_1_6' title='bbox 314 470 378 536; x_wconf 83' lang='lat' dir='ltr'>luit</span> <span class='ocrx_word' id='word_1_7' title='bbox 398 470 434 534; x_wconf 91' lang='lat' dir='ltr'>in</span> <span class='ocrx_word' id='word_1_8' title='bbox 458 476 621 536; x_wconf 82' lang='lat' dir='ltr'>oratorum</span> <span class='ocrx_word' id='word_1_9' title='bbox 640 490 787 549; x_wconf 86' lang='lat' dir='ltr'>numero,</span> <span class='ocrx_word' id='word_1_10' title='bbox 802 469 859 533; x_wconf 87' lang='lat' dir='ltr'>sed</span> <span class='ocrx_word' id='word_1_11' title='bbox 881 491 950 534; x_wconf 89' lang='lat' dir='ltr'>non</span> <span class='ocrx_word' id='word_1_12' title='bbox 965 468 1081 533; x_wconf 87' lang='lat' dir='ltr'>deerat</span> <span class='ocrx_word' id='word_1_13' title='bbox 1104 470 1145 533; x_wconf 86' lang='lat' dir='ltr'>ei</span> <span class='ocrx_word' id='word_1_14' title='bbox 1266 458 1267 497; x_wconf 70' lang='lat'>³</span> 
     </span>
    </p>
   </div>
   <div class='ocr_carea' id='block_1_3' title="bbox 221 574 1142 869">
    <p class='ocr_par' dir='ltr' id='par_1_3' title="bbox 221 574 1142 869">
     <span class='ocr_line' id='line_1_3' title="bbox 221 574 1142 660; baseline -0.003 -19"><span class='ocrx_word' id='word_1_15' title='bbox 221 582 336 641; x_wconf 87' lang='lat' dir='ltr'>tamen</span> <span class='ocrx_word' id='word_1_16' title='bbox 360 576 395 640; x_wconf 90' lang='lat' dir='ltr'>in</span> <span class='ocrx_word' id='word_1_17' title='bbox 417 577 581 640; x_wconf 86' lang='lat' dir='ltr'>sententia</span> <span class='ocrx_word' id='word_1_18' title='bbox 601 575 743 639; x_wconf 88' lang='lat' dir='ltr'>dicenda</span> <span class='ocrx_word' id='word_1_19' title='bbox 759 596 837 639; x_wconf 90' lang='lat' dir='ltr'>cum</span> <span class='ocrx_word' id='word_1_20' title='bbox 859 574 1037 660; x_wconf 89' lang='lat' dir='ltr'>prudentia</span> <span class='ocrx_word' id='word_1_21' title='bbox 1059 581 1142 638; x_wconf 86' lang='lat' dir='ltr'>tum</span> 
     </span>
     <span class='ocr_line' id='line_1_4' title="bbox 223 679 1141 766; baseline -0.002 -21"><span class='ocrx_word' id='word_1_22' title='bbox 223 680 358 766; x_wconf 77' lang='lat' dir='ltr'>elegans</span> <span class='ocrx_word' id='word_1_23' title='bbox 383 680 553 763; x_wconf 85' lang='lat' dir='ltr'>quoddam</span> <span class='ocrx_word' id='word_1_24' title='bbox 578 686 612 743; x_wconf 91' lang='lat' dir='ltr'>et</span> <span class='ocrx_word' id='word_1_25' title='bbox 635 679 801 744; x_wconf 86' lang='lat' dir='ltr'>eruditum</span> <span class='ocrx_word' id='word_1_26' title='bbox 831 679 990 743; x_wconf 86' lang='lat' dir='ltr'>orationis</span> <span class='ocrx_word' id='word_1_27' title='bbox 1017 700 1141 765; x_wconf 85' lang='lat' dir='ltr'>genus.</span> 
     </span>
     <span class='ocr_line' id='line_1_5' title="bbox 224 783 1141 869; baseline -0.001 -19"><span class='ocrx_word' id='word_1_28' title='bbox 224 785 297 851; x_wconf 78' lang='lat'><strong>134.</strong></span> <span class='ocrx_word' id='word_1_29' title='bbox 322 786 391 849; x_wconf 92' lang='lat' dir='ltr'>Neo</span> <span class='ocrx_word' id='word_1_30' title='bbox 413 786 546 849; x_wconf 87' lang='lat' dir='ltr'>habitus</span> <span class='ocrx_word' id='word_1_31' title='bbox 568 791 620 849; x_wconf 91' lang='lat' dir='ltr'>est</span> <span class='ocrx_word' id='word_1_32' title='bbox 641 790 754 849; x_wconf 88' lang='lat' dir='ltr'>tamen</span> <span class='ocrx_word' id='word_1_33' title='bbox 776 790 870 869; x_wconf 88' lang='lat' dir='ltr'>pater</span> <span class='ocrx_word' id='word_1_34' title='bbox 891 785 963 869; x_wconf 88' lang='lat' dir='ltr'>ipse</span> <span class='ocrx_word' id='word_1_35' title='bbox 988 783 1141 849; x_wconf 79' lang='lat' dir='ltr'><strong>Catulus</strong></span> 
     </span>
    </p>
   </div>
   <div class='ocr_carea' id='block_1_4' title="bbox 223 888 1266 976">
    <p class='ocr_par' dir='ltr' id='par_1_4' title="bbox 223 888 1266 976">
     <span class='ocr_line' id='line_1_6' title="bbox 223 888 1266 976; baseline -0.008 -22"><span class='ocrx_word' id='word_1_36' title='bbox 223 890 374 976; x_wconf 87' lang='lat' dir='ltr'>princeps</span> <span class='ocrx_word' id='word_1_37' title='bbox 397 891 431 954; x_wconf 93' lang='lat' dir='ltr'>in</span> <span class='ocrx_word' id='word_1_38' title='bbox 452 910 590 953; x_wconf 88' lang='lat' dir='ltr'>numero</span> <span class='ocrx_word' id='word_1_39' title='bbox 616 895 850 974; x_wconf 87' lang='lat' dir='ltr'>patronorum:</span> <span class='ocrx_word' id='word_1_40' title='bbox 873 888 1025 953; x_wconf 89' lang='lat' dir='ltr'>sederat</span> <span class='ocrx_word' id='word_1_41' title='bbox 1047 889 1141 966; x_wconf 79' lang='lat' dir='ltr'>talis,</span> <span class='ocrx_word' id='word_1_42' title='bbox 1262 937 1266 946; x_wconf 89' lang='lat'><strong>.</strong></span> 
     </span>
    </p>
   </div>
   <div class='ocr_carea' id='block_1_5' title="bbox 221 993 1140 3063">
    <p class='ocr_par' dir='ltr' id='par_1_5' title="bbox 221 993 1140 3063">
     <span class='ocr_line' id='line_1_7' title="bbox 222 993 1140 1077; baseline -0.004 -17"><span class='ocrx_word' id='word_1_43' title='bbox 222 1000 270 1073; x_wconf 77' lang='lat' dir='ltr'>ut,</span> <span class='ocrx_word' id='word_1_44' title='bbox 293 1015 370 1059; x_wconf 91' lang='lat' dir='ltr'>cum</span> <span class='ocrx_word' id='word_1_45' title='bbox 394 993 559 1077; x_wconf 87' lang='lat' dir='ltr'>quosdam</span> <span class='ocrx_word' id='word_1_46' title='bbox 581 993 723 1072; x_wconf 85' lang='lat' dir='ltr'>audires,</span> <span class='ocrx_word' id='word_1_47' title='bbox 747 993 805 1076; x_wconf 94' lang='lat' dir='ltr'>qui</span> <span class='ocrx_word' id='word_1_48' title='bbox 828 999 902 1056; x_wconf 93' lang='lat' dir='ltr'>tum</span> <span class='ocrx_word' id='word_1_49' title='bbox 925 999 1018 1056; x_wconf 89' lang='lat' dir='ltr'>eraut</span> <span class='ocrx_word' id='word_1_50' title='bbox 1040 1014 1140 1077; x_wconf 88' lang='lat' dir='ltr'>prae·</span> 
     </span>
     <span class='ocr_line' id='line_1_8' title="bbox 223 1096 1140 1182; baseline -0.005 -17"><span class='ocrx_word' id='word_1_51' title='bbox 223 1105 359 1179; x_wconf 86' lang='lat' dir='ltr'>stantes,</span> <span class='ocrx_word' id='word_1_52' title='bbox 374 1099 535 1163; x_wconf 88' lang='lat' dir='ltr'>videretur</span> <span class='ocrx_word' id='word_1_53' title='bbox 549 1119 622 1162; x_wconf 91' lang='lat' dir='ltr'>esse</span> <span class='ocrx_word' id='word_1_54' title='bbox 633 1096 781 1177; x_wconf 78' lang='lat' dir='ltr'>inseri013</span> <span class='ocrx_word' id='word_1_55' title='bbox 796 1118 874 1161; x_wconf 90' lang='lat' dir='ltr'>cum</span> <span class='ocrx_word' id='word_1_56' title='bbox 889 1103 1004 1161; x_wconf 89' lang='lat' dir='ltr'>autem</span> <span class='ocrx_word' id='word_1_57' title='bbox 1019 1098 1140 1182; x_wconf 90' lang='lat' dir='ltr'>ipsum</span> 
     </span>
     <span class='ocr_line' id='line_1_9' title="bbox 223 1202 1139 1288; baseline -0.002 -20"><span class='ocrx_word' id='word_1_58' title='bbox 223 1203 353 1269; x_wconf 88' lang='lat' dir='ltr'>audires</span> <span class='ocrx_word' id='word_1_59' title='bbox 376 1204 447 1267; x_wconf 90' lang='lat' dir='ltr'>sine</span> <span class='ocrx_word' id='word_1_60' title='bbox 468 1203 725 1288; x_wconf 87' lang='lat' dir='ltr'>comparatione,</span> <span class='ocrx_word' id='word_1_61' title='bbox 740 1222 807 1265; x_wconf 90' lang='lat' dir='ltr'>non</span> <span class='ocrx_word' id='word_1_62' title='bbox 830 1202 932 1266; x_wconf 91' lang='lat' dir='ltr'>modo</span> <span class='ocrx_word' id='word_1_63' title='bbox 954 1208 1139 1266; x_wconf 85' lang='lat' dir='ltr'>contentus</span> 
     </span>
     <span class='ocr_line' id='line_1_10' title="bbox 222 1305 1138 1389; baseline -0.003 -17"><span class='ocrx_word' id='word_1_64' title='bbox 222 1329 322 1386; x_wconf 87' lang='lat' dir='ltr'>esses,</span> <span class='ocrx_word' id='word_1_65' title='bbox 347 1306 405 1369; x_wconf 90' lang='lat' dir='ltr'>sed</span> <span class='ocrx_word' id='word_1_66' title='bbox 431 1305 550 1370; x_wconf 89' lang='lat' dir='ltr'>melius</span> <span class='ocrx_word' id='word_1_67' title='bbox 574 1327 641 1370; x_wconf 89' lang='lat' dir='ltr'>non</span> <span class='ocrx_word' id='word_1_68' title='bbox 669 1327 848 1389; x_wconf 84' lang='lat' dir='ltr'>quaereres.</span> <span class='ocrx_word' id='word_1_69' title='bbox 893 1305 966 1370; x_wconf 82' lang='lat'><strong>135.</strong></span> <span class='ocrx_word' id='word_1_70' title='bbox 992 1306 1036 1384; x_wconf 78' lang='lat' dir='ltr'>Q.</span> <span class='ocrx_word' id='word_1_71' title='bbox 1061 1306 1138 1370; x_wconf 89' lang='lat' dir='ltr'>Me·</span> 
     </span>
     <span class='ocr_line' id='line_1_11' title="bbox 221 1409 1137 1495; baseline -0.002 -18"><span class='ocrx_word' id='word_1_72' title='bbox 221 1410 321 1477; x_wconf 87' lang='lat' dir='ltr'>tellus</span> <span class='ocrx_word' id='word_1_73' title='bbox 338 1410 537 1474; x_wconf 87' lang='lat' dir='ltr'>Numidicus</span> <span class='ocrx_word' id='word_1_74' title='bbox 560 1416 593 1476; x_wconf 91' lang='lat' dir='ltr'>et</span> <span class='ocrx_word' id='word_1_75' title='bbox 615 1410 687 1495; x_wconf 88' lang='lat' dir='ltr'>ejus</span> <span class='ocrx_word' id='word_1_76' title='bbox 702 1410 829 1495; x_wconf 83' lang='lat' dir='ltr'>collega</span> <span class='ocrx_word' id='word_1_77' title='bbox 854 1409 900 1474; x_wconf 85' lang='lat' dir='ltr'>NL</span> <span class='ocrx_word' id='word_1_78' title='bbox 926 1409 1061 1475; x_wconf 84' lang='lat' dir='ltr'>Silanus</span> <span class='ocrx_word' id='word_1_79' title='bbox 1085 1411 1137 1475; x_wconf 92' lang='lat' dir='ltr'>di·</span> 
     </span>
     <span class='ocr_line' id='line_1_12' title="bbox 223 1513 1137 1599; baseline 0 -20"><span class='ocrx_word' id='word_1_80' title='bbox 223 1516 344 1579; x_wconf 84' lang='lat' dir='ltr'>cebant</span> <span class='ocrx_word' id='word_1_81' title='bbox 358 1515 399 1577; x_wconf 91' lang='lat' dir='ltr'>de</span> <span class='ocrx_word' id='word_1_82' title='bbox 414 1535 447 1577; x_wconf 91' lang='lat' dir='ltr'>re</span> <span class='ocrx_word' id='word_1_83' title='bbox 464 1513 605 1599; x_wconf 90' lang='lat' dir='ltr'>publica,</span> <span class='ocrx_word' id='word_1_84' title='bbox 620 1515 710 1597; x_wconf 91' lang='lat' dir='ltr'>quod</span> <span class='ocrx_word' id='word_1_85' title='bbox 725 1520 813 1578; x_wconf 89' lang='lat' dir='ltr'>esset</span> <span class='ocrx_word' id='word_1_86' title='bbox 831 1514 895 1578; x_wconf 92' lang='lat' dir='ltr'>illis</span> <span class='ocrx_word' id='word_1_87' title='bbox 910 1515 987 1578; x_wconf 91' lang='lat' dir='ltr'>viris</span> <span class='ocrx_word' id='word_1_88' title='bbox 1002 1520 1036 1580; x_wconf 91' lang='lat' dir='ltr'>et</span> <span class='ocrx_word' id='word_1_89' title='bbox 1055 1536 1137 1579; x_wconf 84' lang='lat' dir='ltr'>con·</span> 
     </span>
     <span class='ocr_line' id='line_1_13' title="bbox 224 1618 1135 1705; baseline -0.002 -20"><span class='ocrx_word' id='word_1_90' title='bbox 224 1620 324 1686; x_wconf 89' lang='lat' dir='ltr'>sulari</span> <span class='ocrx_word' id='word_1_91' title='bbox 346 1619 502 1705; x_wconf 80' lang='lat' dir='ltr'>dignitati</span> <span class='ocrx_word' id='word_1_92' title='bbox 524 1619 614 1683; x_wconf 86' lang='lat' dir='ltr'>satis.</span> <span class='ocrx_word' id='word_1_93' title='bbox 661 1619 707 1683; x_wconf 91' lang='lat' dir='ltr'>M.</span> <span class='ocrx_word' id='word_1_94' title='bbox 725 1618 878 1683; x_wconf 84' lang='lat' dir='ltr'><strong>Aurelius</strong></span> <span class='ocrx_word' id='word_1_95' title='bbox 896 1618 1042 1684; x_wconf 82' lang='lat' dir='ltr'><strong>Scaurus</strong></span> <span class='ocrx_word' id='word_1_96' title='bbox 1062 1641 1135 1684; x_wconf 92' lang='lat' dir='ltr'>non</span> 
     </span>
     <span class='ocr_line' id='line_1_14' title="bbox 223 1723 1134 1810; baseline -0.003 -19"><span class='ocrx_word' id='word_1_97' title='bbox 223 1746 323 1810; x_wconf 86' lang='lat' dir='ltr'>saepe</span> <span class='ocrx_word' id='word_1_98' title='bbox 345 1725 477 1789; x_wconf 88' lang='lat' dir='ltr'>dicebat</span> <span class='ocrx_word' id='word_1_99' title='bbox 504 1723 563 1788; x_wconf 88' lang='lat' dir='ltr'>sed</span> <span class='ocrx_word' id='word_1_100' title='bbox 586 1723 707 1809; x_wconf 81' lang='lat' dir='ltr'>polite3</span> <span class='ocrx_word' id='word_1_101' title='bbox 730 1723 851 1787; x_wconf 83' lang='lat' dir='ltr'>Latine</span> <span class='ocrx_word' id='word_1_102' title='bbox 867 1745 943 1788; x_wconf 89' lang='lat' dir='ltr'>vero</span> <span class='ocrx_word' id='word_1_103' title='bbox 957 1725 993 1788; x_wconf 89' lang='lat' dir='ltr'>in</span> <span class='ocrx_word' id='word_1_104' title='bbox 1015 1725 1134 1809; x_wconf 88' lang='lat' dir='ltr'>primis</span> 
     </span>
     <span class='ocr_line' id='line_1_15' title="bbox 223 1827 1134 1917; baseline 0.001 -23"><span class='ocrx_word' id='word_1_105' title='bbox 223 1837 274 1894; x_wconf 90' lang='lat' dir='ltr'>est</span> <span class='ocrx_word' id='word_1_106' title='bbox 300 1829 466 1917; x_wconf 84' lang='lat' dir='ltr'>eleganter</span> <span class='ocrx_word' id='word_1_107' title='bbox 487 1829 628 1894; x_wconf 87' lang='lat' dir='ltr'>locutus.</span> <span class='ocrx_word' id='word_1_108' title='bbox 673 1827 772 1906; x_wconf 76' lang='lat' dir='ltr'>Quae</span> <span class='ocrx_word' id='word_1_109' title='bbox 792 1829 867 1893; x_wconf 89' lang='lat' dir='ltr'>laus</span> <span class='ocrx_word' id='word_1_110' title='bbox 890 1829 1008 1894; x_wconf 86' lang='lat' dir='ltr'>eadem</span> <span class='ocrx_word' id='word_1_111' title='bbox 1029 1831 1065 1894; x_wconf 90' lang='lat' dir='ltr'>in</span> <span class='ocrx_word' id='word_1_112' title='bbox 1092 1831 1134 1895; x_wconf 85' lang='lat' dir='ltr'>A.</span> 
     </span>
     <span class='ocr_line' id='line_1_16' title="bbox 225 1931 1133 2017; baseline -0.001 -17"><span class='ocrx_word' id='word_1_113' title='bbox 225 1935 347 2001; x_wconf 82' lang='lat' dir='ltr'>Albino</span> <span class='ocrx_word' id='word_1_114' title='bbox 366 1938 448 1998; x_wconf 92' lang='lat' dir='ltr'>bene</span> <span class='ocrx_word' id='word_1_115' title='bbox 463 1933 617 2017; x_wconf 85' lang='lat' dir='ltr'>loquendi</span> <span class='ocrx_word' id='word_1_116' title='bbox 633 1931 706 1996; x_wconf 84' lang='lat' dir='ltr'>suit</span> <span class='ocrx_word' id='word_1_117' title='bbox 741 1933 832 1997; x_wconf 90' lang='lat' dir='ltr'>Nam</span> <span class='ocrx_word' id='word_1_118' title='bbox 848 1932 971 1998; x_wconf 89' lang='lat' dir='ltr'>flamen</span> <span class='ocrx_word' id='word_1_119' title='bbox 989 1933 1133 2000; x_wconf 80' lang='lat' dir='ltr'>Albinus</span> 
     </span>
     <span class='ocr_line' id='line_1_17' title="bbox 223 2037 1133 2119; baseline 0 -16"><span class='ocrx_word' id='word_1_120' title='bbox 223 2040 326 2104; x_wconf 89' lang='lat' dir='ltr'>etiam</span> <span class='ocrx_word' id='word_1_121' title='bbox 354 2040 390 2102; x_wconf 90' lang='lat' dir='ltr'>in</span> <span class='ocrx_word' id='word_1_122' title='bbox 419 2058 557 2102; x_wconf 88' lang='lat' dir='ltr'>numero</span> <span class='ocrx_word' id='word_1_123' title='bbox 587 2044 639 2102; x_wconf 89' lang='lat' dir='ltr'>est</span> <span class='ocrx_word' id='word_1_124' title='bbox 663 2038 796 2102; x_wconf 89' lang='lat' dir='ltr'>habitus</span> <span class='ocrx_word' id='word_1_125' title='bbox 825 2037 1029 2103; x_wconf 85' lang='lat' dir='ltr'>disertorum.</span> <span class='ocrx_word' id='word_1_126' title='bbox 1087 2040 1133 2119; x_wconf 65' lang='lat' dir='ltr'>Q„</span> 
     </span>
     <span class='ocr_line' id='line_1_18' title="bbox 222 2140 1136 2227; baseline 0.003 -21"><span class='ocrx_word' id='word_1_127' title='bbox 222 2145 325 2206; x_wconf 87' lang='lat' dir='ltr'>etiam</span> <span class='ocrx_word' id='word_1_128' title='bbox 351 2142 486 2227; x_wconf 85' lang='lat' dir='ltr'>Caepio,</span> <span class='ocrx_word' id='word_1_129' title='bbox 500 2142 548 2205; x_wconf 86' lang='lat' dir='ltr'>vir</span> <span class='ocrx_word' id='word_1_130' title='bbox 562 2163 636 2206; x_wconf 90' lang='lat' dir='ltr'>aoer</span> <span class='ocrx_word' id='word_1_131' title='bbox 657 2147 692 2206; x_wconf 90' lang='lat' dir='ltr'>et</span> <span class='ocrx_word' id='word_1_132' title='bbox 712 2140 814 2223; x_wconf 82' lang='lat' dir='ltr'>fortis,</span> <span class='ocrx_word' id='word_1_133' title='bbox 829 2144 885 2207; x_wconf 91' lang='lat' dir='ltr'>cui</span> <span class='ocrx_word' id='word_1_134' title='bbox 903 2141 1034 2209; x_wconf 83' lang='lat' dir='ltr'>fortuna</span> <span class='ocrx_word' id='word_1_135' title='bbox 1054 2145 1136 2209; x_wconf 87' lang='lat' dir='ltr'>belli</span> 
     </span>
     <span class='ocr_line' id='line_1_19' title="bbox 223 2244 1134 2332; baseline 0.002 -20"><span class='ocrx_word' id='word_1_136' title='bbox 223 2247 352 2312; x_wconf 89' lang='lat' dir='ltr'>crimini</span> <span class='ocrx_word' id='word_1_137' title='bbox 367 2246 492 2309; x_wconf 82' lang='lat' dir='ltr'>invidia</span> <span class='ocrx_word' id='word_1_138' title='bbox 508 2246 622 2332; x_wconf 91' lang='lat' dir='ltr'>populi</span> <span class='ocrx_word' id='word_1_139' title='bbox 644 2246 829 2311; x_wconf 83' lang='lat' dir='ltr'>calamitati</span> <span class='ocrx_word' id='word_1_140' title='bbox 849 2246 922 2312; x_wconf 84' lang='lat' dir='ltr'>suit</span> <span class='ocrx_word' id='word_1_141' title='bbox 966 2244 1134 2315; x_wconf 84' lang='lat' dir='ltr'><strong>XXXVI.</strong></span> 
     </span>
     <span class='ocr_line' id='line_1_20' title="bbox 223 2349 1135 2433; baseline 0.005 -19"><span class='ocrx_word' id='word_1_142' title='bbox 223 2349 296 2414; x_wconf 83' lang='lat'><strong>136.</strong></span> <span class='ocrx_word' id='word_1_143' title='bbox 321 2350 410 2413; x_wconf 88' lang='lat' dir='ltr'>Turn</span> <span class='ocrx_word' id='word_1_144' title='bbox 426 2350 529 2414; x_wconf 89' lang='lat' dir='ltr'>etiam</span> <span class='ocrx_word' id='word_1_145' title='bbox 549 2350 586 2415; x_wconf 85' lang='lat' dir='ltr'>C.</span> <span class='ocrx_word' id='word_1_146' title='bbox 598 2356 633 2415; x_wconf 91' lang='lat' dir='ltr'>et</span> <span class='ocrx_word' id='word_1_147' title='bbox 649 2350 687 2414; x_wconf 91' lang='lat' dir='ltr'>L.</span> <span class='ocrx_word' id='word_1_148' title='bbox 702 2350 856 2415; x_wconf 90' lang='lat' dir='ltr'>Memmii</span> <span class='ocrx_word' id='word_1_149' title='bbox 870 2350 1013 2433; x_wconf 66' lang='lat' dir='ltr'>suerunt,</span> <span class='ocrx_word' id='word_1_150' title='bbox 1025 2360 1135 2419; x_wconf 87' lang='lat' dir='ltr'>orato·</span> 
     </span>
     <span class='ocr_line' id='line_1_21' title="bbox 221 2454 1134 2540; baseline 0.005 -22"><span class='ocrx_word' id='word_1_151' title='bbox 221 2476 274 2518; x_wconf 89' lang='lat' dir='ltr'>res</span> <span class='ocrx_word' id='word_1_152' title='bbox 303 2454 484 2520; x_wconf 89' lang='lat' dir='ltr'>mediocres</span> <span class='ocrx_word' id='word_1_153' title='bbox 514 2462 723 2520; x_wconf 83' lang='lat' dir='ltr'>accusatores</span> <span class='ocrx_word' id='word_1_154' title='bbox 752 2477 844 2521; x_wconf 89' lang='lat' dir='ltr'>acres</span> <span class='ocrx_word' id='word_1_155' title='bbox 873 2464 973 2540; x_wconf 77' lang='lat' dir='ltr'>atque</span> <span class='ocrx_word' id='word_1_156' title='bbox 1005 2460 1134 2523; x_wconf 87' lang='lat' dir='ltr'>acerbi:</span> 
     </span>
     <span class='ocr_line' id='line_1_22' title="bbox 221 2559 1134 2649; baseline 0.005 -26"><span class='ocrx_word' id='word_1_157' title='bbox 221 2559 335 2643; x_wconf 89' lang='lat' dir='ltr'>itaque</span> <span class='ocrx_word' id='word_1_158' title='bbox 349 2560 384 2623; x_wconf 90' lang='lat' dir='ltr'>in</span> <span class='ocrx_word' id='word_1_159' title='bbox 396 2560 559 2645; x_wconf 83' lang='lat' dir='ltr'>judicium</span> <span class='ocrx_word' id='word_1_160' title='bbox 575 2560 693 2645; x_wconf 90' lang='lat' dir='ltr'>capitis</span> <span class='ocrx_word' id='word_1_161' title='bbox 708 2559 832 2624; x_wconf 88' lang='lat' dir='ltr'>multos</span> <span class='ocrx_word' id='word_1_162' title='bbox 849 2569 1056 2643; x_wconf 80' lang='lat' dir='ltr'>vocaverunt,</span> <span class='ocrx_word' id='word_1_163' title='bbox 1074 2585 1134 2649; x_wconf 89' lang='lat' dir='ltr'>pro</span> 
     </span>
     <span class='ocr_line' id='line_1_23' title="bbox 222 2664 1135 2750; baseline 0.003 -20"><span class='ocrx_word' id='word_1_164' title='bbox 222 2665 286 2730; x_wconf 87' lang='lat' dir='ltr'>reis</span> <span class='ocrx_word' id='word_1_165' title='bbox 301 2686 366 2728; x_wconf 91' lang='lat' dir='ltr'>non</span> <span class='ocrx_word' id='word_1_166' title='bbox 384 2686 482 2750; x_wconf 85' lang='lat' dir='ltr'>saepe</span> <span class='ocrx_word' id='word_1_167' title='bbox 498 2665 659 2728; x_wconf 79' lang='lat' dir='ltr'>dixerunt.</span> <span class='ocrx_word' id='word_1_168' title='bbox 697 2664 753 2749; x_wconf 84' lang='lat' dir='ltr'>Sp.</span> <span class='ocrx_word' id='word_1_169' title='bbox 772 2665 913 2730; x_wconf 83' lang='lat' dir='ltr'>Thorius</span> <span class='ocrx_word' id='word_1_170' title='bbox 929 2667 1011 2731; x_wconf 85' lang='lat' dir='ltr'>satis</span> <span class='ocrx_word' id='word_1_171' title='bbox 1025 2668 1135 2733; x_wconf 84' lang='lat' dir='ltr'>valuit</span> 
     </span>
     <span class='ocr_line' id='line_1_24' title="bbox 222 2769 1133 2857; baseline 0.004 -24"><span class='ocrx_word' id='word_1_172' title='bbox 222 2769 256 2833; x_wconf 91' lang='lat' dir='ltr'>iu</span> <span class='ocrx_word' id='word_1_173' title='bbox 281 2769 434 2853; x_wconf 91' lang='lat' dir='ltr'>populari</span> <span class='ocrx_word' id='word_1_174' title='bbox 456 2790 573 2854; x_wconf 87' lang='lat' dir='ltr'>genere</span> <span class='ocrx_word' id='word_1_175' title='bbox 595 2770 736 2849; x_wconf 85' lang='lat' dir='ltr'>dicendi,</span> <span class='ocrx_word' id='word_1_176' title='bbox 750 2770 788 2849; x_wconf 86' lang='lat' dir='ltr'>is,</span> <span class='ocrx_word' id='word_1_177' title='bbox 803 2771 861 2852; x_wconf 93' lang='lat' dir='ltr'>qui</span> <span class='ocrx_word' id='word_1_178' title='bbox 884 2792 1001 2856; x_wconf 87' lang='lat' dir='ltr'>agrurn</span> <span class='ocrx_word' id='word_1_179' title='bbox 1023 2773 1133 2857; x_wconf 92' lang='lat' dir='ltr'>publi·</span> 
     </span>
     <span class='ocr_line' id='line_1_25' title="bbox 223 2872 1133 2960; baseline 0.005 -22"><span class='ocrx_word' id='word_1_180' title='bbox 223 2895 301 2939; x_wconf 91' lang='lat' dir='ltr'>oum</span> <span class='ocrx_word' id='word_1_181' title='bbox 324 2875 445 2937; x_wconf 87' lang='lat' dir='ltr'>vitiosa</span> <span class='ocrx_word' id='word_1_182' title='bbox 466 2879 501 2937; x_wconf 93' lang='lat' dir='ltr'>et</span> <span class='ocrx_word' id='word_1_183' title='bbox 520 2872 630 2937; x_wconf 90' lang='lat' dir='ltr'>inutili</span> <span class='ocrx_word' id='word_1_184' title='bbox 645 2872 717 2958; x_wconf 87' lang='lat' dir='ltr'>lege</span> <span class='ocrx_word' id='word_1_185' title='bbox 733 2874 887 2960; x_wconf 90' lang='lat' dir='ltr'>vectigali</span> <span class='ocrx_word' id='word_1_186' title='bbox 907 2876 1037 2941; x_wconf 84' lang='lat' dir='ltr'>levavit.</span> <span class='ocrx_word' id='word_1_187' title='bbox 1085 2878 1133 2943; x_wconf 81' lang='lat' dir='ltr'>M.</span> 
     </span>
     <span class='ocr_line' id='line_1_26' title="bbox 226 2977 1133 3063; baseline 0.002 -17"><span class='ocrx_word' id='word_1_188' title='bbox 226 2979 411 3058; x_wconf 84' lang='lat' dir='ltr'>Marcellus,</span> <span class='ocrx_word' id='word_1_189' title='bbox 438 2977 610 3042; x_wconf 90' lang='lat' dir='ltr'>Aesernini</span> <span class='ocrx_word' id='word_1_190' title='bbox 638 2985 737 3062; x_wconf 87' lang='lat' dir='ltr'>pater,</span> <span class='ocrx_word' id='word_1_191' title='bbox 763 2999 830 3042; x_wconf 91' lang='lat' dir='ltr'>non</span> <span class='ocrx_word' id='word_1_192' title='bbox 852 2979 907 3043; x_wconf 90' lang='lat' dir='ltr'>ille</span> <span class='ocrx_word' id='word_1_193' title='bbox 933 2981 1068 3063; x_wconf 89' lang='lat' dir='ltr'>quidem</span> <span class='ocrx_word' id='word_1_194' title='bbox 1095 2984 1133 3049; x_wconf 91' lang='lat' dir='ltr'>in</span> 
     </span>
    </p>
   </div>
   <div class='ocr_carea' id='block_1_6' title="bbox 212 3083 1133 3587">
    <p class='ocr_par' dir='ltr' id='par_1_6' title="bbox 212 3083 1133 3587">
     <span class='ocr_line' id='line_1_27' title="bbox 224 3083 1132 3172; baseline 0 -22"><span class='ocrx_word' id='word_1_195' title='bbox 224 3086 371 3172; x_wconf 87' lang='lat' dir='ltr'>patronis</span> <span class='ocrx_word' id='word_1_196' title='bbox 393 3084 451 3148; x_wconf 91' lang='lat' dir='ltr'>sed</span> <span class='ocrx_word' id='word_1_197' title='bbox 466 3090 500 3148; x_wconf 93' lang='lat' dir='ltr'>et</span> <span class='ocrx_word' id='word_1_198' title='bbox 514 3084 547 3147; x_wconf 92' lang='lat' dir='ltr'>in</span> <span class='ocrx_word' id='word_1_199' title='bbox 564 3083 724 3168; x_wconf 89' lang='lat' dir='ltr'>promptis</span> <span class='ocrx_word' id='word_1_200' title='bbox 739 3089 852 3147; x_wconf 89' lang='lat' dir='ltr'>tamen</span> <span class='ocrx_word' id='word_1_201' title='bbox 869 3090 903 3148; x_wconf 92' lang='lat' dir='ltr'>et</span> <span class='ocrx_word' id='word_1_202' title='bbox 917 3106 983 3149; x_wconf 92' lang='lat' dir='ltr'>non</span> <span class='ocrx_word' id='word_1_203' title='bbox 1007 3086 1132 3150; x_wconf 84' lang='lat' dir='ltr'>inexer-</span> 
     </span>
     <span class='ocr_line' id='line_1_28' title="bbox 223 3186 1133 3273; baseline 0.002 -20"><span class='ocrx_word' id='word_1_204' title='bbox 223 3190 334 3254; x_wconf 89' lang='lat' dir='ltr'>citatis</span> <span class='ocrx_word' id='word_1_205' title='bbox 356 3190 399 3253; x_wconf 89' lang='lat' dir='ltr'>ad</span> <span class='ocrx_word' id='word_1_206' title='bbox 422 3189 600 3253; x_wconf 89' lang='lat' dir='ltr'>dicendum</span> <span class='ocrx_word' id='word_1_207' title='bbox 622 3186 695 3267; x_wconf 86' lang='lat' dir='ltr'>fuit,</span> <span class='ocrx_word' id='word_1_208' title='bbox 717 3193 756 3251; x_wconf 91' lang='lat' dir='ltr'>ut</span> <span class='ocrx_word' id='word_1_209' title='bbox 777 3186 864 3253; x_wconf 87' lang='lat' dir='ltr'>filius</span> <span class='ocrx_word' id='word_1_210' title='bbox 886 3190 958 3273; x_wconf 88' lang='lat' dir='ltr'>ejus</span> <span class='ocrx_word' id='word_1_211' title='bbox 981 3189 1019 3254; x_wconf 93' lang='lat' dir='ltr'>P.</span> <span class='ocrx_word' id='word_1_212' title='bbox 1043 3191 1133 3256; x_wconf 92' lang='lat' dir='ltr'>Len·</span> 
     </span>
     <span class='ocr_line' id='line_1_29' title="bbox 222 3292 1132 3378; baseline 0.003 -20"><span class='ocrx_word' id='word_1_213' title='bbox 222 3294 323 3358; x_wconf 91' lang='lat' dir='ltr'>tulus.</span> <span class='ocrx_word' id='word_1_214' title='bbox 368 3293 440 3357; x_wconf 87' lang='lat'><strong>137.</strong></span> <span class='ocrx_word' id='word_1_215' title='bbox 465 3292 503 3355; x_wconf 91' lang='lat' dir='ltr'>L.</span> <span class='ocrx_word' id='word_1_216' title='bbox 525 3294 626 3356; x_wconf 87' lang='lat' dir='ltr'>etiam</span> <span class='ocrx_word' id='word_1_217' title='bbox 654 3293 755 3357; x_wconf 88' lang='lat' dir='ltr'>Cotta</span> <span class='ocrx_word' id='word_1_218' title='bbox 778 3295 956 3378; x_wconf 86' lang='lat' dir='ltr'>praetorius</span> <span class='ocrx_word' id='word_1_219' title='bbox 970 3295 1005 3358; x_wconf 91' lang='lat' dir='ltr'>iu</span> <span class='ocrx_word' id='word_1_220' title='bbox 1027 3296 1132 3361; x_wconf 91' lang='lat' dir='ltr'>medi·</span> 
     </span>
     <span class='ocr_line' id='line_1_30' title="bbox 225 3398 1131 3465; baseline 0.004 -4"><span class='ocrx_word' id='word_1_221' title='bbox 225 3399 351 3461; x_wconf 89' lang='lat' dir='ltr'>ocrium</span> <span class='ocrx_word' id='word_1_222' title='bbox 366 3402 531 3460; x_wconf 89' lang='lat' dir='ltr'>oratorum</span> <span class='ocrx_word' id='word_1_223' title='bbox 544 3418 681 3460; x_wconf 87' lang='lat' dir='ltr'>numero</span> <span class='ocrx_word' id='word_1_224' title='bbox 694 3398 823 3461; x_wconf 83' lang='lat' dir='ltr'>dicendi</span> <span class='ocrx_word' id='word_1_225' title='bbox 839 3420 905 3462; x_wconf 92' lang='lat' dir='ltr'>non</span> <span class='ocrx_word' id='word_1_226' title='bbox 920 3399 969 3463; x_wconf 90' lang='lat' dir='ltr'>ita</span> <span class='ocrx_word' id='word_1_227' title='bbox 984 3400 1131 3465; x_wconf 86' lang='lat' dir='ltr'>multum</span> 
     </span>
     <span class='ocr_line' id='line_1_31' title="bbox 212 3500 1132 3587; baseline 0.004 -21"><span class='ocrx_word' id='word_1_228' title='bbox 212 3501 322 3567; x_wconf 70' lang='lat' dir='ltr'>&#39;laude</span> <span class='ocrx_word' id='word_1_229' title='bbox 347 3505 556 3587; x_wconf 86' lang='lat' dir='ltr'>processerat,</span> <span class='ocrx_word' id='word_1_230' title='bbox 580 3500 639 3565; x_wconf 88' lang='lat' dir='ltr'>sed</span> <span class='ocrx_word' id='word_1_231' title='bbox 666 3501 707 3565; x_wconf 92' lang='lat' dir='ltr'>de</span> <span class='ocrx_word' id='word_1_232' title='bbox 732 3502 895 3568; x_wconf 87' lang='lat' dir='ltr'>industria</span> <span class='ocrx_word' id='word_1_233' title='bbox 922 3526 1000 3569; x_wconf 88' lang='lat' dir='ltr'>cum</span> <span class='ocrx_word' id='word_1_234' title='bbox 1024 3507 1132 3571; x_wconf 89' lang='lat' dir='ltr'>verbis</span> 
     </span>
    </p>
   </div>
   <div class='ocr_carea' id='block_1_7' title="bbox 0 0 1276 4117">
    <p class='ocr_par' dir='ltr' id='par_1_7' title="bbox 0 0 1276 4117">
     <span class='ocr_line' id='line_1_32' title="bbox 0 0 1276 4117; baseline 0 1"><span class='ocrx_word' id='word_1_235' title='bbox 0 0 1276 4117; x_wconf 95' lang='lat' dir='ltr'> </span> 
     </span>
    </p>
   </div>
   <div class='ocr_carea' id='block_1_8' title="bbox 1269 3193 1271 3754">
    <p class='ocr_par' dir='ltr' id='par_1_8' title="bbox 1269 3193 1271 3754">
     <span class='ocr_line' id='line_1_33' title="bbox 1269 3193 1271 3754; baseline 0 0"><span class='ocrx_word' id='word_1_236' title='bbox 1269 3193 1271 3754; x_wconf 95' lang='lat' dir='ltr'> </span> 
     </span>
    </p>
   </div>
  </div>
 </body>
</html>
