<?xml version="1.0" encoding="UTF-8"?>
<!DOCTYPE html PUBLIC "-//W3C//DTD XHTML 1.0 Transitional//EN"
    "http://www.w3.org/TR/xhtml1/DTD/xhtml1-transitional.dtd">
<html xmlns="http://www.w3.org/1999/xhtml" xml:lang="en" lang="en">
 <head>
  <title>
</title>
<meta http-equiv="Content-Type" content="text/html;charset=utf-8" />
  <meta name='ocr-system' content='tesseract 3.04.00' />
  <meta name='ocr-capabilities' content='ocr_page ocr_carea ocr_par ocr_line ocrx_word'/>
</head>
<body>
  <div class='ocr_page' id='page_1' title='image "./brutus02cicegoog/brutus02cicegoog_0133.png"; bbox 0 0 2542 4117; ppageno 0'>
   <div class='ocr_carea' id='block_1_1' title="bbox 402 307 1072 375">
    <p class='ocr_par' dir='ltr' id='par_1_1' title="bbox 402 307 1072 375">
     <span class='ocr_line' id='line_1_1' title="bbox 402 307 1072 375; baseline 0.003 -4"><span class='ocrx_word' id='word_1_1' title='bbox 402 328 537 373; x_wconf 83' lang='lat' dir='ltr'><strong>saurus.</strong></span> <span class='ocrx_word' id='word_1_2' title='bbox 581 328 654 374; x_wconf 75' lang='lat' dir='ltr'><strong>car.</strong></span> <span class='ocrx_word' id='word_1_3' title='bbox 677 328 831 374; x_wconf 81' lang='lat' dir='ltr'><strong>nxxxvn.</strong></span> <span class='ocrx_word' id='word_1_4' title='bbox 1008 307 1072 375; x_wconf 81' lang='lat'><strong>115</strong></span> 
     </span>
    </p>
   </div>
   <div class='ocr_carea' id='block_1_2' title="bbox 157 480 1079 3616">
    <p class='ocr_par' dir='ltr' id='par_1_2' title="bbox 157 480 1079 3616">
     <span class='ocr_line' id='line_1_2' title="bbox 159 480 1073 567; baseline 0.002 -21"><span class='ocrx_word' id='word_1_5' title='bbox 159 481 359 567; x_wconf 88' lang='lat' dir='ltr'><strong>augustius:</strong></span> <span class='ocrx_word' id='word_1_6' title='bbox 382 480 517 544; x_wconf 90' lang='lat' dir='ltr'><strong>nomine</strong></span> <span class='ocrx_word' id='word_1_7' title='bbox 544 503 605 545; x_wconf 91' lang='lat' dir='ltr'><strong>nos</strong></span> <span class='ocrx_word' id='word_1_8' title='bbox 628 482 721 567; x_wconf 85' lang='lat' dir='ltr'><strong>capis</strong></span> <span class='ocrx_word' id='word_1_9' title='bbox 743 481 868 546; x_wconf 90' lang='lat' dir='ltr'><strong>summi</strong></span> <span class='ocrx_word' id='word_1_10' title='bbox 889 482 949 545; x_wconf 88' lang='lat' dir='ltr'><strong>viri</strong></span> <span class='ocrx_word' id='word_1_11' title='bbox 969 483 1073 547; x_wconf 88' lang='lat' dir='ltr'><strong>vitae·</strong></span> 
     </span>
     <span class='ocr_line' id='line_1_3' title="bbox 158 583 1072 671; baseline 0.002 -22"><span class='ocrx_word' id='word_1_12' title='bbox 158 607 227 669; x_wconf 91' lang='lat' dir='ltr'><strong>que</strong></span> <span class='ocrx_word' id='word_1_13' title='bbox 244 585 512 671; x_wconf 81' lang='lat' dir='ltr'><strong>elegantissimae</strong></span> <span class='ocrx_word' id='word_1_14' title='bbox 528 587 706 650; x_wconf 84' lang='lat' dir='ltr'>verissimis</span> <span class='ocrx_word' id='word_1_15' title='bbox 721 586 885 650; x_wconf 86' lang='lat' dir='ltr'>laudibus.</span> <span class='ocrx_word' id='word_1_16' title='bbox 923 583 1072 652; x_wconf 81' lang='lat' dir='ltr'>Remove</span> 
     </span>
     <span class='ocr_line' id='line_1_4' title="bbox 157 690 1072 775; baseline 0.002 -20"><span class='ocrx_word' id='word_1_17' title='bbox 157 691 263 755; x_wconf 89' lang='lat' dir='ltr'><strong>haec:</strong></span> <span class='ocrx_word' id='word_1_18' title='bbox 287 711 350 753; x_wconf 90' lang='lat' dir='ltr'><strong>nae</strong></span> <span class='ocrx_word' id='word_1_19' title='bbox 373 690 439 754; x_wconf 87' lang='lat' dir='ltr'><strong>ista</strong></span> <span class='ocrx_word' id='word_1_20' title='bbox 463 690 568 755; x_wconf 90' lang='lat' dir='ltr'><strong>dulcis</strong></span> <span class='ocrx_word' id='word_1_21' title='bbox 591 692 696 755; x_wconf 89' lang='lat' dir='ltr'><strong>oratio</strong></span> <span class='ocrx_word' id='word_1_22' title='bbox 726 692 775 755; x_wconf 92' lang='lat' dir='ltr'><strong>ita</strong></span> <span class='ocrx_word' id='word_1_23' title='bbox 799 692 843 755; x_wconf 91' lang='lat' dir='ltr'><strong>sit</strong></span> <span class='ocrx_word' id='word_1_24' title='bbox 868 691 1007 775; x_wconf 88' lang='lat' dir='ltr'><strong>abjecta,</strong></span> <span class='ocrx_word' id='word_1_25' title='bbox 1033 698 1072 757; x_wconf 90' lang='lat' dir='ltr'><strong>ut</strong></span> 
     </span>
     <span class='ocr_line' id='line_1_5' title="bbox 158 794 1073 879; baseline 0.003 -21"><span class='ocrx_word' id='word_1_26' title='bbox 158 815 239 859; x_wconf 87' lang='lat' dir='ltr'><strong>eam</strong></span> <span class='ocrx_word' id='word_1_27' title='bbox 266 794 435 879; x_wconf 82' lang='lat' dir='ltr'>adspicere</span> <span class='ocrx_word' id='word_1_28' title='bbox 460 816 559 858; x_wconf 90' lang='lat' dir='ltr'><strong>nemo</strong></span> <span class='ocrx_word' id='word_1_29' title='bbox 588 796 676 860; x_wconf 82' lang='lat' dir='ltr'><strong>velit.</strong></span> <span class='ocrx_word' id='word_1_30' title='bbox 720 796 794 860; x_wconf 82' lang='lat'><strong>296.</strong></span> <span class='ocrx_word' id='word_1_31' title='bbox 824 796 1011 861; x_wconf 86' lang='lat' dir='ltr'><strong>Carbonem</strong></span> <span class='ocrx_word' id='word_1_32' title='bbox 1037 798 1073 862; x_wconf 92' lang='lat' dir='ltr'><strong>in</strong></span> 
     </span>
     <span class='ocr_line' id='line_1_6' title="bbox 159 900 1072 966; baseline 0.001 -2"><span class='ocrx_word' id='word_1_33' title='bbox 159 900 306 964; x_wconf 89' lang='lat' dir='ltr'><strong>summis</strong></span> <span class='ocrx_word' id='word_1_34' title='bbox 336 901 519 964; x_wconf 88' lang='lat' dir='ltr'><strong>oratoribus</strong></span> <span class='ocrx_word' id='word_1_35' title='bbox 549 902 700 965; x_wconf 86' lang='lat' dir='ltr'><strong>habiturn</strong></span> <span class='ocrx_word' id='word_1_36' title='bbox 727 902 815 965; x_wconf 89' lang='lat' dir='ltr'><strong>seio:</strong></span> <span class='ocrx_word' id='word_1_37' title='bbox 845 901 904 966; x_wconf 88' lang='lat' dir='ltr'><strong>sed</strong></span> <span class='ocrx_word' id='word_1_38' title='bbox 933 924 1011 965; x_wconf 89' lang='lat' dir='ltr'><strong>eum</strong></span> <span class='ocrx_word' id='word_1_39' title='bbox 1037 903 1072 965; x_wconf 89' lang='lat' dir='ltr'><strong>in</strong></span> 
     </span>
     <span class='ocr_line' id='line_1_7' title="bbox 160 1005 1074 1091; baseline 0.001 -22"><span class='ocrx_word' id='word_1_40' title='bbox 160 1006 279 1069; x_wconf 88' lang='lat' dir='ltr'><strong>ceteris</strong></span> <span class='ocrx_word' id='word_1_41' title='bbox 300 1006 398 1068; x_wconf 90' lang='lat' dir='ltr'><strong>rebus</strong></span> <span class='ocrx_word' id='word_1_42' title='bbox 419 1012 493 1068; x_wconf 88' lang='lat' dir='ltr'><strong>tum</strong></span> <span class='ocrx_word' id='word_1_43' title='bbox 515 1005 550 1069; x_wconf 93' lang='lat' dir='ltr'><strong>in</strong></span> <span class='ocrx_word' id='word_1_44' title='bbox 574 1006 716 1070; x_wconf 90' lang='lat' dir='ltr'><strong>dicendo</strong></span> <span class='ocrx_word' id='word_1_45' title='bbox 738 1027 877 1091; x_wconf 86' lang='lat' dir='ltr'><strong>semper,</strong></span> <span class='ocrx_word' id='word_1_46' title='bbox 897 1028 965 1090; x_wconf 93' lang='lat' dir='ltr'><strong>quo</strong></span> <span class='ocrx_word' id='word_1_47' title='bbox 992 1006 1074 1071; x_wconf 93' lang='lat' dir='ltr'><strong>nibil</strong></span> 
     </span>
     <span class='ocr_line' id='line_1_8' title="bbox 160 1109 1071 1194; baseline 0.003 -22"><span class='ocrx_word' id='word_1_48' title='bbox 160 1115 214 1173; x_wconf 89' lang='lat' dir='ltr'><strong>est</strong></span> <span class='ocrx_word' id='word_1_49' title='bbox 243 1109 374 1189; x_wconf 89' lang='lat' dir='ltr'><strong>melius,</strong></span> <span class='ocrx_word' id='word_1_50' title='bbox 403 1109 438 1173; x_wconf 92' lang='lat' dir='ltr'><strong>id</strong></span> <span class='ocrx_word' id='word_1_51' title='bbox 470 1110 608 1190; x_wconf 91' lang='lat' dir='ltr'><strong>laudari,</strong></span> <span class='ocrx_word' id='word_1_52' title='bbox 638 1109 868 1194; x_wconf 89' lang='lat' dir='ltr'><strong>qualecunque</strong></span> <span class='ocrx_word' id='word_1_53' title='bbox 895 1118 955 1190; x_wconf 91' lang='lat' dir='ltr'><strong>est,</strong></span> <span class='ocrx_word' id='word_1_54' title='bbox 978 1112 1071 1175; x_wconf 88' lang='lat' dir='ltr'><strong>solet</strong></span> 
     </span>
     <span class='ocr_line' id='line_1_9' title="bbox 161 1212 1073 1294; baseline 0 -14"><span class='ocrx_word' id='word_1_55' title='bbox 161 1212 250 1280; x_wconf 86' lang='lat' dir='ltr'>Dico</span> <span class='ocrx_word' id='word_1_56' title='bbox 273 1213 363 1277; x_wconf 91' lang='lat' dir='ltr'><strong>idern</strong></span> <span class='ocrx_word' id='word_1_57' title='bbox 380 1214 420 1277; x_wconf 88' lang='lat' dir='ltr'><strong>de</strong></span> <span class='ocrx_word' id='word_1_58' title='bbox 439 1214 615 1294; x_wconf 80' lang='lat' dir='ltr'><strong>Gracchis3</strong></span> <span class='ocrx_word' id='word_1_59' title='bbox 638 1215 701 1279; x_wconf 89' lang='lat' dir='ltr'><strong>etsi</strong></span> <span class='ocrx_word' id='word_1_60' title='bbox 723 1215 764 1278; x_wconf 90' lang='lat' dir='ltr'><strong>de</strong></span> <span class='ocrx_word' id='word_1_61' title='bbox 786 1216 827 1279; x_wconf 94' lang='lat' dir='ltr'><strong>iis</strong></span> <span class='ocrx_word' id='word_1_62' title='bbox 842 1237 883 1278; x_wconf 92' lang='lat' dir='ltr'><strong>ea</strong></span> <span class='ocrx_word' id='word_1_63' title='bbox 898 1223 976 1280; x_wconf 92' lang='lat' dir='ltr'><strong>sunt</strong></span> <span class='ocrx_word' id='word_1_64' title='bbox 998 1237 1019 1279; x_wconf 87' lang='lat' dir='ltr'><strong>a</strong></span> <span class='ocrx_word' id='word_1_65' title='bbox 1040 1223 1073 1280; x_wconf 91' lang='lat' dir='ltr'><strong>te</strong></span> 
     </span>
     <span class='ocr_line' id='line_1_10' title="bbox 160 1318 1072 1404; baseline 0.003 -23"><span class='ocrx_word' id='word_1_66' title='bbox 160 1318 262 1397; x_wconf 86' lang='lat' dir='ltr'><strong>dicta,</strong></span> <span class='ocrx_word' id='word_1_67' title='bbox 292 1320 414 1401; x_wconf 91' lang='lat' dir='ltr'><strong>quibus</strong></span> <span class='ocrx_word' id='word_1_68' title='bbox 444 1340 507 1404; x_wconf 89' lang='lat' dir='ltr'><strong>ego</strong></span> <span class='ocrx_word' id='word_1_69' title='bbox 538 1321 709 1383; x_wconf 88' lang='lat' dir='ltr'><strong>assentior.</strong></span> <span class='ocrx_word' id='word_1_70' title='bbox 767 1319 897 1384; x_wconf 79' lang='lat' dir='ltr'><strong>Omitto</strong></span> <span class='ocrx_word' id='word_1_71' title='bbox 929 1327 1072 1385; x_wconf 84' lang='lat' dir='ltr'><strong>ceteros:</strong></span> 
     </span>
     <span class='ocr_line' id='line_1_11' title="bbox 161 1423 1073 1511; baseline 0.004 -25"><span class='ocrx_word' id='word_1_72' title='bbox 161 1424 263 1487; x_wconf 80' lang='lat' dir='ltr'><strong>venio</strong></span> <span class='ocrx_word' id='word_1_73' title='bbox 279 1423 321 1487; x_wconf 89' lang='lat' dir='ltr'><strong>ad</strong></span> <span class='ocrx_word' id='word_1_74' title='bbox 338 1445 404 1503; x_wconf 87' lang='lat' dir='ltr'><strong>eos,</strong></span> <span class='ocrx_word' id='word_1_75' title='bbox 416 1426 451 1488; x_wconf 93' lang='lat' dir='ltr'><strong>in</strong></span> <span class='ocrx_word' id='word_1_76' title='bbox 467 1425 589 1507; x_wconf 92' lang='lat' dir='ltr'><strong>quibus</strong></span> <span class='ocrx_word' id='word_1_77' title='bbox 601 1426 673 1510; x_wconf 88' lang='lat' dir='ltr'><strong>jam</strong></span> <span class='ocrx_word' id='word_1_78' title='bbox 690 1426 869 1510; x_wconf 81' lang='lat' dir='ltr'><strong>perfectam</strong></span> <span class='ocrx_word' id='word_1_79' title='bbox 885 1432 984 1511; x_wconf 89' lang='lat' dir='ltr'><strong>putas</strong></span> <span class='ocrx_word' id='word_1_80' title='bbox 1000 1448 1073 1490; x_wconf 89' lang='lat' dir='ltr'><strong>esse</strong></span> 
     </span>
     <span class='ocr_line' id='line_1_12' title="bbox 161 1528 1074 1616; baseline 0.003 -23"><span class='ocrx_word' id='word_1_81' title='bbox 161 1528 399 1611; x_wconf 83' lang='lat' dir='ltr'><strong>eloquentiam,</strong></span> <span class='ocrx_word' id='word_1_82' title='bbox 421 1550 505 1612; x_wconf 92' lang='lat' dir='ltr'><strong>quos</strong></span> <span class='ocrx_word' id='word_1_83' title='bbox 532 1551 595 1616; x_wconf 90' lang='lat' dir='ltr'><strong>ego</strong></span> <span class='ocrx_word' id='word_1_84' title='bbox 619 1530 734 1594; x_wconf 87' lang='lat' dir='ltr'><strong>audivi</strong></span> <span class='ocrx_word' id='word_1_85' title='bbox 758 1531 828 1594; x_wconf 90' lang='lat' dir='ltr'><strong>sine</strong></span> <span class='ocrx_word' id='word_1_86' title='bbox 854 1533 1074 1596; x_wconf 85' lang='lat' dir='ltr'><strong>controversia</strong></span> 
     </span>
     <span class='ocr_line' id='line_1_13' title="bbox 161 1635 1074 1718; baseline 0.003 -21"><span class='ocrx_word' id='word_1_87' title='bbox 161 1654 305 1718; x_wconf 86' lang='lat' dir='ltr'><strong>magnos</strong></span> <span class='ocrx_word' id='word_1_88' title='bbox 335 1640 489 1712; x_wconf 88' lang='lat' dir='ltr'><strong>oratores,</strong></span> <span class='ocrx_word' id='word_1_89' title='bbox 522 1635 680 1699; x_wconf 86' lang='lat' dir='ltr'><strong>Crassum</strong></span> <span class='ocrx_word' id='word_1_90' title='bbox 714 1640 749 1699; x_wconf 93' lang='lat' dir='ltr'><strong>et</strong></span> <span class='ocrx_word' id='word_1_91' title='bbox 783 1636 977 1699; x_wconf 87' lang='lat' dir='ltr'><strong>Antonium.</strong></span> <span class='ocrx_word' id='word_1_92' title='bbox 1022 1636 1074 1702; x_wconf 93' lang='lat' dir='ltr'><strong>De</strong></span> 
     </span>
     <span class='ocr_line' id='line_1_14' title="bbox 160 1738 1073 1823; baseline 0.002 -21"><span class='ocrx_word' id='word_1_93' title='bbox 160 1738 282 1803; x_wconf 89' lang='lat' dir='ltr'><strong>horum</strong></span> <span class='ocrx_word' id='word_1_94' title='bbox 296 1738 451 1802; x_wconf 86' lang='lat' dir='ltr'><strong>laudibus</strong></span> <span class='ocrx_word' id='word_1_95' title='bbox 465 1739 529 1803; x_wconf 87' lang='lat' dir='ltr'><strong>tibi</strong></span> <span class='ocrx_word' id='word_1_96' title='bbox 544 1759 674 1823; x_wconf 89' lang='lat' dir='ltr'><strong>prorsus</strong></span> <span class='ocrx_word' id='word_1_97' title='bbox 690 1739 867 1802; x_wconf 88' lang='lat' dir='ltr'><strong>assentior:</strong></span> <span class='ocrx_word' id='word_1_98' title='bbox 884 1739 941 1802; x_wconf 91' lang='lat' dir='ltr'><strong>sed</strong></span> <span class='ocrx_word' id='word_1_99' title='bbox 956 1745 1073 1804; x_wconf 90' lang='lat' dir='ltr'><strong>tamen</strong></span> 
     </span>
     <span class='ocr_line' id='line_1_15' title="bbox 161 1842 1074 1928; baseline 0 -22"><span class='ocrx_word' id='word_1_100' title='bbox 161 1861 232 1906; x_wconf 91' lang='lat' dir='ltr'><strong>non</strong></span> <span class='ocrx_word' id='word_1_101' title='bbox 246 1844 312 1906; x_wconf 88' lang='lat' dir='ltr'><strong>isto</strong></span> <span class='ocrx_word' id='word_1_102' title='bbox 328 1842 439 1922; x_wconf 90' lang='lat' dir='ltr'><strong>modo,</strong></span> <span class='ocrx_word' id='word_1_103' title='bbox 453 1849 493 1907; x_wconf 90' lang='lat' dir='ltr'><strong>ut</strong></span> <span class='ocrx_word' id='word_1_104' title='bbox 510 1843 670 1928; x_wconf 83' lang='lat' dir='ltr'><strong>Polycleti</strong></span> <span class='ocrx_word' id='word_1_105' title='bbox 685 1843 906 1927; x_wconf 87' lang='lat' dir='ltr'><strong>doryphorum</strong></span> <span class='ocrx_word' id='word_1_106' title='bbox 923 1843 986 1906; x_wconf 88' lang='lat' dir='ltr'><strong>sibi</strong></span> <span class='ocrx_word' id='word_1_107' title='bbox 1009 1843 1074 1928; x_wconf 90' lang='lat' dir='ltr'><strong>Ly·</strong></span> 
     </span>
     <span class='ocr_line' id='line_1_16' title="bbox 163 1946 1075 2033; baseline -0.003 -20"><span class='ocrx_word' id='word_1_108' title='bbox 163 1949 279 2033; x_wconf 90' lang='lat' dir='ltr'><strong>sippus</strong></span> <span class='ocrx_word' id='word_1_109' title='bbox 306 1949 426 2029; x_wconf 82' lang='lat' dir='ltr'><strong>aiebat,</strong></span> <span class='ocrx_word' id='word_1_110' title='bbox 451 1949 498 2013; x_wconf 90' lang='lat' dir='ltr'><strong>sic</strong></span> <span class='ocrx_word' id='word_1_111' title='bbox 522 1954 562 2012; x_wconf 91' lang='lat' dir='ltr'><strong>tu</strong></span> <span class='ocrx_word' id='word_1_112' title='bbox 588 1949 780 2013; x_wconf 86' lang='lat' dir='ltr'><strong>suasionem</strong></span> <span class='ocrx_word' id='word_1_113' title='bbox 807 1947 890 2031; x_wconf 88' lang='lat' dir='ltr'><strong>legis</strong></span> <span class='ocrx_word' id='word_1_114' title='bbox 917 1946 1075 2011; x_wconf 82' lang='lat' dir='ltr'><strong>Serviliae</strong></span> 
     </span>
     <span class='ocr_line' id='line_1_17' title="bbox 162 2052 1074 2139; baseline -0.001 -22"><span class='ocrx_word' id='word_1_115' title='bbox 162 2054 226 2117; x_wconf 86' lang='lat' dir='ltr'><strong>tibi</strong></span> <span class='ocrx_word' id='word_1_116' title='bbox 240 2054 436 2138; x_wconf 83' lang='lat' dir='ltr'><strong>magistram</strong></span> <span class='ocrx_word' id='word_1_117' title='bbox 451 2052 562 2118; x_wconf 83' lang='lat' dir='ltr'><strong>fuisse.</strong></span> <span class='ocrx_word' id='word_1_118' title='bbox 609 2053 705 2117; x_wconf 88' lang='lat' dir='ltr'><strong>Haec</strong></span> <span class='ocrx_word' id='word_1_119' title='bbox 719 2075 879 2139; x_wconf 88' lang='lat' dir='ltr'><strong>germana</strong></span> <span class='ocrx_word' id='word_1_120' title='bbox 893 2053 1000 2116; x_wconf 88' lang='lat' dir='ltr'><strong>ironia</strong></span> <span class='ocrx_word' id='word_1_121' title='bbox 1014 2059 1074 2116; x_wconf 81' lang='lat' dir='ltr'><strong>est</strong></span> 
     </span>
     <span class='ocr_line' id='line_1_18' title="bbox 165 2157 1075 2238; baseline 0.001 -17"><span class='ocrx_word' id='word_1_122' title='bbox 165 2158 234 2221; x_wconf 87' lang='lat' dir='ltr'><strong>Cur</strong></span> <span class='ocrx_word' id='word_1_123' title='bbox 248 2158 298 2222; x_wconf 90' lang='lat' dir='ltr'><strong>ita</strong></span> <span class='ocrx_word' id='word_1_124' title='bbox 313 2159 466 2237; x_wconf 88' lang='lat' dir='ltr'><strong>sentiam,</strong></span> <span class='ocrx_word' id='word_1_125' title='bbox 481 2178 549 2222; x_wconf 91' lang='lat' dir='ltr'><strong>non</strong></span> <span class='ocrx_word' id='word_1_126' title='bbox 563 2157 686 2238; x_wconf 89' lang='lat' dir='ltr'><strong>dicam,</strong></span> <span class='ocrx_word' id='word_1_127' title='bbox 701 2179 743 2221; x_wconf 90' lang='lat' dir='ltr'><strong>ne</strong></span> <span class='ocrx_word' id='word_1_128' title='bbox 758 2179 812 2221; x_wconf 89' lang='lat' dir='ltr'><strong>me</strong></span> <span class='ocrx_word' id='word_1_129' title='bbox 831 2158 892 2221; x_wconf 91' lang='lat' dir='ltr'><strong>tibi</strong></span> <span class='ocrx_word' id='word_1_130' title='bbox 914 2159 1075 2222; x_wconf 87' lang='lat' dir='ltr'><strong>assentari</strong></span> 
     </span>
     <span class='ocr_line' id='line_1_19' title="bbox 161 2262 1075 2349; baseline 0 -23"><span class='ocrx_word' id='word_1_131' title='bbox 161 2268 271 2349; x_wconf 89' lang='lat' dir='ltr'><strong>putes.</strong></span> <span class='ocrx_word' id='word_1_132' title='bbox 323 2262 397 2326; x_wconf 81' lang='lat'><strong>297.</strong></span> <span class='ocrx_word' id='word_1_133' title='bbox 429 2262 561 2326; x_wconf 88' lang='lat' dir='ltr'><strong>Omitto</strong></span> <span class='ocrx_word' id='word_1_134' title='bbox 591 2263 700 2348; x_wconf 86' lang='lat' dir='ltr'><strong>igitur,</strong></span> <span class='ocrx_word' id='word_1_135' title='bbox 729 2283 816 2346; x_wconf 90' lang='lat' dir='ltr'><strong>quae</strong></span> <span class='ocrx_word' id='word_1_136' title='bbox 842 2262 883 2325; x_wconf 93' lang='lat' dir='ltr'><strong>de</strong></span> <span class='ocrx_word' id='word_1_137' title='bbox 913 2263 964 2326; x_wconf 92' lang='lat' dir='ltr'><strong>his</strong></span> <span class='ocrx_word' id='word_1_138' title='bbox 993 2263 1075 2347; x_wconf 88' lang='lat' dir='ltr'><strong>ipsis</strong></span> 
     </span>
     <span class='ocr_line' id='line_1_20' title="bbox 161 2366 1074 2452; baseline 0 -21"><span class='ocrx_word' id='word_1_139' title='bbox 161 2389 251 2451; x_wconf 87' lang='lat' dir='ltr'><strong>quae</strong></span> <span class='ocrx_word' id='word_1_140' title='bbox 269 2367 310 2431; x_wconf 90' lang='lat' dir='ltr'><strong>de</strong></span> <span class='ocrx_word' id='word_1_141' title='bbox 334 2367 435 2431; x_wconf 83' lang='lat' dir='ltr'><strong>Cotta</strong></span> <span class='ocrx_word' id='word_1_142' title='bbox 454 2389 541 2451; x_wconf 87' lang='lat' dir='ltr'><strong>quae</strong></span> <span class='ocrx_word' id='word_1_143' title='bbox 560 2366 602 2431; x_wconf 89' lang='lat' dir='ltr'><strong>dc</strong></span> <span class='ocrx_word' id='word_1_144' title='bbox 628 2366 776 2452; x_wconf 80' lang='lat' dir='ltr'><strong>Sulpicio</strong></span> <span class='ocrx_word' id='word_1_145' title='bbox 797 2388 884 2450; x_wconf 90' lang='lat' dir='ltr'><strong>quae</strong></span> <span class='ocrx_word' id='word_1_146' title='bbox 908 2368 1010 2431; x_wconf 91' lang='lat' dir='ltr'><strong>modo</strong></span> <span class='ocrx_word' id='word_1_147' title='bbox 1033 2367 1074 2431; x_wconf 90' lang='lat' dir='ltr'><strong>de</strong></span> 
     </span>
     <span class='ocr_line' id='line_1_21' title="bbox 165 2470 1075 2551; baseline -0.001 -16"><span class='ocrx_word' id='word_1_148' title='bbox 165 2472 284 2536; x_wconf 85' lang='lat' dir='ltr'><strong>Coelio</strong></span> <span class='ocrx_word' id='word_1_149' title='bbox 308 2472 444 2536; x_wconf 84' lang='lat' dir='ltr'><strong>dixeris:</strong></span> <span class='ocrx_word' id='word_1_150' title='bbox 475 2473 509 2535; x_wconf 90' lang='lat' dir='ltr'><strong>hi</strong></span> <span class='ocrx_word' id='word_1_151' title='bbox 535 2473 624 2536; x_wconf 89' lang='lat' dir='ltr'><strong>enim</strong></span> <span class='ocrx_word' id='word_1_152' title='bbox 648 2470 781 2536; x_wconf 89' lang='lat' dir='ltr'><strong>suerunt</strong></span> <span class='ocrx_word' id='word_1_153' title='bbox 805 2479 891 2535; x_wconf 87' lang='lat' dir='ltr'><strong>certe</strong></span> <span class='ocrx_word' id='word_1_154' title='bbox 914 2479 1075 2551; x_wconf 84' lang='lat' dir='ltr'><strong>oratores3</strong></span> 
     </span>
     <span class='ocr_line' id='line_1_22' title="bbox 161 2575 1076 2660; baseline -0.001 -20"><span class='ocrx_word' id='word_1_155' title='bbox 161 2577 283 2660; x_wconf 87' lang='lat' dir='ltr'><strong>quanti</strong></span> <span class='ocrx_word' id='word_1_156' title='bbox 305 2583 420 2641; x_wconf 89' lang='lat' dir='ltr'><strong>autem</strong></span> <span class='ocrx_word' id='word_1_157' title='bbox 445 2582 479 2641; x_wconf 90' lang='lat' dir='ltr'><strong>et</strong></span> <span class='ocrx_word' id='word_1_158' title='bbox 502 2576 626 2660; x_wconf 90' lang='lat' dir='ltr'><strong>quales,</strong></span> <span class='ocrx_word' id='word_1_159' title='bbox 647 2582 685 2639; x_wconf 89' lang='lat' dir='ltr'><strong>tu</strong></span> <span class='ocrx_word' id='word_1_160' title='bbox 707 2575 835 2638; x_wconf 87' lang='lat' dir='ltr'><strong>videris.</strong></span> <span class='ocrx_word' id='word_1_161' title='bbox 883 2575 971 2638; x_wconf 87' lang='lat' dir='ltr'><strong>Nam</strong></span> <span class='ocrx_word' id='word_1_162' title='bbox 992 2575 1076 2639; x_wconf 91' lang='lat' dir='ltr'><strong>illud</strong></span> 
     </span>
     <span class='ocr_line' id='line_1_23' title="bbox 162 2679 1075 2766; baseline -0.005 -20"><span class='ocrx_word' id='word_1_163' title='bbox 162 2682 277 2746; x_wconf 87' lang='lat' dir='ltr'><strong>minus</strong></span> <span class='ocrx_word' id='word_1_164' title='bbox 303 2703 391 2762; x_wconf 90' lang='lat' dir='ltr'><strong>curo,</strong></span> <span class='ocrx_word' id='word_1_165' title='bbox 415 2682 507 2765; x_wconf 91' lang='lat' dir='ltr'><strong>quod</strong></span> <span class='ocrx_word' id='word_1_166' title='bbox 530 2681 727 2766; x_wconf 88' lang='lat' dir='ltr'><strong>congessisti</strong></span> <span class='ocrx_word' id='word_1_167' title='bbox 750 2679 914 2764; x_wconf 88' lang='lat' dir='ltr'><strong>operarios</strong></span> <span class='ocrx_word' id='word_1_168' title='bbox 941 2700 1075 2756; x_wconf 82' lang='lat' dir='ltr'><strong>omnes3</strong></span> 
     </span>
     <span class='ocr_line' id='line_1_24' title="bbox 162 2783 1076 2863; baseline -0.003 -12"><span class='ocrx_word' id='word_1_169' title='bbox 162 2792 203 2851; x_wconf 90' lang='lat' dir='ltr'><strong>ut</strong></span> <span class='ocrx_word' id='word_1_170' title='bbox 222 2787 306 2850; x_wconf 89' lang='lat' dir='ltr'><strong>mibi</strong></span> <span class='ocrx_word' id='word_1_171' title='bbox 323 2786 497 2850; x_wconf 88' lang='lat' dir='ltr'><strong>videantur</strong></span> <span class='ocrx_word' id='word_1_172' title='bbox 511 2787 595 2850; x_wconf 88' lang='lat' dir='ltr'><strong>mori</strong></span> <span class='ocrx_word' id='word_1_173' title='bbox 617 2785 761 2849; x_wconf 88' lang='lat' dir='ltr'><strong>voluisse</strong></span> <span class='ocrx_word' id='word_1_174' title='bbox 776 2783 937 2863; x_wconf 84' lang='lat' dir='ltr'><strong>nonnulli,</strong></span> <span class='ocrx_word' id='word_1_175' title='bbox 953 2791 991 2847; x_wconf 89' lang='lat' dir='ltr'><strong>ut</strong></span> <span class='ocrx_word' id='word_1_176' title='bbox 1006 2805 1027 2849; x_wconf 87' lang='lat' dir='ltr'><strong>a</strong></span> <span class='ocrx_word' id='word_1_177' title='bbox 1041 2790 1076 2848; x_wconf 88' lang='lat' dir='ltr'><strong>te</strong></span> 
     </span>
     <span class='ocr_line' id='line_1_25' title="bbox 162 2889 1077 2956; baseline -0.002 0"><span class='ocrx_word' id='word_1_178' title='bbox 162 2892 198 2956; x_wconf 90' lang='lat' dir='ltr'><strong>in</strong></span> <span class='ocrx_word' id='word_1_179' title='bbox 226 2897 392 2955; x_wconf 83' lang='lat' dir='ltr'><strong>oratorum</strong></span> <span class='ocrx_word' id='word_1_180' title='bbox 416 2912 593 2956; x_wconf 89' lang='lat' dir='ltr'><strong>numerum</strong></span> <span class='ocrx_word' id='word_1_181' title='bbox 615 2890 815 2955; x_wconf 86' lang='lat' dir='ltr'><strong>reserrentur.</strong></span> <span class='ocrx_word' id='word_1_182' title='bbox 861 2889 1077 2954; x_wconf 88' lang='lat' dir='ltr'>LXXXVII.</span> 
     </span>
     <span class='ocr_line' id='line_1_26' title="bbox 164 2995 1075 3080; baseline -0.004 -19"><span class='ocrx_word' id='word_1_183' title='bbox 164 2996 260 3061; x_wconf 85' lang='lat' dir='ltr'><strong>Haec</strong></span> <span class='ocrx_word' id='word_1_184' title='bbox 282 3018 360 3061; x_wconf 86' lang='lat' dir='ltr'><strong>curn</strong></span> <span class='ocrx_word' id='word_1_185' title='bbox 382 2996 435 3060; x_wconf 91' lang='lat' dir='ltr'><strong>ille</strong></span> <span class='ocrx_word' id='word_1_186' title='bbox 460 2997 606 3075; x_wconf 83' lang='lat' dir='ltr'><strong>dixisset,</strong></span> <span class='ocrx_word' id='word_1_187' title='bbox 624 2997 735 3080; x_wconf 90' lang='lat' dir='ltr'><strong>Longi</strong></span> <span class='ocrx_word' id='word_1_188' title='bbox 757 2995 917 3059; x_wconf 91' lang='lat' dir='ltr'><strong>sermonis</strong></span> <span class='ocrx_word' id='word_1_189' title='bbox 941 2995 1075 3058; x_wconf 90' lang='lat' dir='ltr'><strong>initium</strong></span> 
     </span>
     <span class='ocr_line' id='line_1_27' title="bbox 164 3106 1077 3192; baseline 0 -23"><span class='ocrx_word' id='word_1_190' title='bbox 164 3106 332 3192; x_wconf 87' lang='lat' dir='ltr'><strong>pepulisti,</strong></span> <span class='ocrx_word' id='word_1_191' title='bbox 364 3107 514 3190; x_wconf 88' lang='lat' dir='ltr'><strong>inquam,</strong></span> <span class='ocrx_word' id='word_1_192' title='bbox 547 3108 668 3186; x_wconf 85' lang='lat' dir='ltr'><strong>Attice,</strong></span> <span class='ocrx_word' id='word_1_193' title='bbox 698 3127 834 3188; x_wconf 89' lang='lat' dir='ltr'><strong>remque</strong></span> <span class='ocrx_word' id='word_1_194' title='bbox 865 3106 1077 3169; x_wconf 88' lang='lat' dir='ltr'><strong>commovisti</strong></span> 
     </span>
     <span class='ocr_line' id='line_1_28' title="bbox 162 3208 1077 3296; baseline -0.002 -20"><span class='ocrx_word' id='word_1_195' title='bbox 162 3233 253 3276; x_wconf 87' lang='lat' dir='ltr'><strong>nova</strong></span> <span class='ocrx_word' id='word_1_196' title='bbox 268 3211 494 3295; x_wconf 88' lang='lat' dir='ltr'><strong>disputatione</strong></span> <span class='ocrx_word' id='word_1_197' title='bbox 509 3211 657 3296; x_wconf 90' lang='lat' dir='ltr'><strong>dignam,</strong></span> <span class='ocrx_word' id='word_1_198' title='bbox 669 3231 772 3294; x_wconf 90' lang='lat' dir='ltr'><strong>quarn</strong></span> <span class='ocrx_word' id='word_1_199' title='bbox 785 3211 819 3272; x_wconf 93' lang='lat' dir='ltr'><strong>in</strong></span> <span class='ocrx_word' id='word_1_200' title='bbox 837 3208 928 3272; x_wconf 91' lang='lat' dir='ltr'><strong>aliud</strong></span> <span class='ocrx_word' id='word_1_201' title='bbox 943 3215 1077 3294; x_wconf 88' lang='lat' dir='ltr'><strong>tempus</strong></span> 
     </span>
     <span class='ocr_line' id='line_1_29' title="bbox 162 3318 1076 3384; baseline 0.001 -1"><span class='ocrx_word' id='word_1_202' title='bbox 162 3318 366 3384; x_wconf 87' lang='lat' dir='ltr'><strong>differamus.</strong></span> <span class='ocrx_word' id='word_1_203' title='bbox 411 3319 484 3383; x_wconf 82' lang='lat'>298.</span> <span class='ocrx_word' id='word_1_204' title='bbox 510 3319 677 3383; x_wconf 90' lang='lat' dir='ltr'><strong>Volvendi</strong></span> <span class='ocrx_word' id='word_1_205' title='bbox 699 3320 788 3383; x_wconf 90' lang='lat' dir='ltr'><strong>enirn</strong></span> <span class='ocrx_word' id='word_1_206' title='bbox 805 3323 884 3382; x_wconf 91' lang='lat' dir='ltr'><strong>sunt</strong></span> <span class='ocrx_word' id='word_1_207' title='bbox 903 3319 976 3382; x_wconf 87' lang='lat' dir='ltr'><strong>libri</strong></span> <span class='ocrx_word' id='word_1_208' title='bbox 998 3341 1076 3384; x_wconf 91' lang='lat' dir='ltr'><strong>cum</strong></span> 
     </span>
     <span class='ocr_line' id='line_1_30' title="bbox 164 3423 1079 3510; baseline 0.001 -22"><span class='ocrx_word' id='word_1_209' title='bbox 164 3425 309 3489; x_wconf 89' lang='lat' dir='ltr'><strong>aliorum</strong></span> <span class='ocrx_word' id='word_1_210' title='bbox 331 3430 404 3489; x_wconf 91' lang='lat' dir='ltr'><strong>tum</strong></span> <span class='ocrx_word' id='word_1_211' title='bbox 427 3426 589 3510; x_wconf 88' lang='lat' dir='ltr'><strong>imprimis</strong></span> <span class='ocrx_word' id='word_1_212' title='bbox 618 3424 767 3488; x_wconf 86' lang='lat' dir='ltr'><strong>Catonis.</strong></span> <span class='ocrx_word' id='word_1_213' title='bbox 813 3423 982 3508; x_wconf 87' lang='lat' dir='ltr'><strong>Intelliges</strong></span> <span class='ocrx_word' id='word_1_214' title='bbox 998 3425 1079 3489; x_wconf 92' lang='lat' dir='ltr'><strong>nihil</strong></span> 
     </span>
     <span class='ocr_line' id='line_1_31' title="bbox 164 3530 1079 3616; baseline -0.002 -21"><span class='ocrx_word' id='word_1_215' title='bbox 164 3530 253 3595; x_wconf 91' lang='lat' dir='ltr'><strong>illius</strong></span> <span class='ocrx_word' id='word_1_216' title='bbox 274 3530 486 3595; x_wconf 90' lang='lat' dir='ltr'><strong>lineamentis</strong></span> <span class='ocrx_word' id='word_1_217' title='bbox 502 3531 568 3595; x_wconf 91' lang='lat' dir='ltr'><strong>nisi</strong></span> <span class='ocrx_word' id='word_1_218' title='bbox 582 3551 698 3595; x_wconf 88' lang='lat' dir='ltr'><strong>eorum</strong></span> <span class='ocrx_word' id='word_1_219' title='bbox 719 3530 976 3616; x_wconf 90' lang='lat' dir='ltr'><strong>pigmentorum,</strong></span> <span class='ocrx_word' id='word_1_220' title='bbox 992 3551 1079 3613; x_wconf 86' lang='lat' dir='ltr'><strong>quae</strong></span> 
     </span>
    </p>
   </div>
   <div class='ocr_carea' id='block_1_3' title="bbox 0 0 1284 4117">
    <p class='ocr_par' dir='ltr' id='par_1_3' title="bbox 0 0 1284 4117">
     <span class='ocr_line' id='line_1_32' title="bbox 0 0 1284 4117; baseline 0 0"><span class='ocrx_word' id='word_1_221' title='bbox 0 0 1284 4117; x_wconf 95' lang='lat' dir='ltr'><strong> </strong></span> 
     </span>
    </p>
   </div>
  </div>
 </body>
</html>
