2542 4117
431 332 568 376 sunaus.
613 333 683 376 cnr.
706 331 776 375 xlx.
1003 308 1047 375 25

131 487 265 552 sulibus
294 486 409 551 docuit
436 507 525 550 anno
550 486 633 570 ipso,
659 491 843 567 antequam
870 489 970 548 natus
996 489 1048 550 est

132 592 288 673 Ennius;
313 599 388 677 post
416 591 560 656 Romam
590 591 760 654 conditam
784 596 896 652 autem
926 595 1046 673 quarto

130 697 268 762 decimo
291 704 325 760 et
346 696 625 781 quingentesimo,
646 702 685 759 ut
707 695 760 758 hio
782 696 839 774 ait,
861 716 961 777 quem
985 715 1046 758 nos

131 804 324 886 sequimur:
348 809 399 867 est
420 804 510 865 enirn
536 803 621 865 inter
643 801 814 885 scriptores
840 800 882 863 de
908 822 1046 864 numero

130 928 299 970 annorum
316 907 543 971 controversia.
584 907 697 969 Attius
713 911 827 969 autern
843 926 864 969 a
883 904 925 983 Q,
940 904 1047 969 Maxi·

130 1032 192 1076 mo
208 1014 364 1094 quintum
379 1035 398 1076 o
444 1012 514 1076 sule
530 1017 667 1095 captum
686 1010 830 1073 Tarento
847 1011 976 1094 scripsit
992 1010 1047 1074 Li·

130 1118 249 1180 vium:
270 1033 458 1200 emigdii}
469 1122 554 1201 post,
568 1137 672 1199 quarn
687 1136 764 1179 eum
781 1114 930 1179 fabulam
946 1115 1047 1181 docu-

130 1222 201 1285 isse
224 1228 259 1284 et
283 1199 560 1302 ArtlQrssi'cribit,
576 1226 611 1284 et
636 1242 697 1284 nos
723 1222 757 1283 in
785 1221 934 1303 antiquis
957 1241 1047 1284 corn·

130 1328 306 1391 mentariis
318 1327 351 1390 in
395 1327 524 1390 nimus:
545 1326 596 1388 73.
608 1325 760 1389 docuisse
771 1332 884 1389 autern
897 1325 1046 1390 fabulam

130 1433 231 1496 annis
247 1438 323 1516 post
401 1431 437 1494 O.
457 1430 609 1494 Cornelio
628 1429 670 1507 Q.
689 1430 839 1494 Minucio
854 1430 1047 1496 oonsulibus

130 1535 221 1599 ludis
243 1537 349 1599 Juven
367 1537 440 1614 atis,
459 1557 543 1617 quos
569 1534 736 1599 Salinator
760 1534 901 1598 Senensi
924 1535 1046 1619 proelio

129 1647 276 1705 voverat
324 1642 361 1706 ln
381 1662 452 1726 quo
478 1647 595 1705 tantus
618 1662 703 1704 error
729 1641 814 1704 Attii
836 1641 911 1719 fuit,
933 1648 972 1705 ut
994 1642 1046 1705 his

130 1746 326 1809 consulibus
356 1768 411 1834 xa,
429 1767 535 1809 annos
563 1752 662 1810 natus
690 1745 821 1809 Ennius
847 1746 964 1809 fuerit:
990 1746 1046 1809 oui

130 1851 234 1914 eum*
249 1850 397 1933 aequalis
412 1849 510 1914 fuerit
527 1850 652 1929 Livius,
669 1851 776 1914 minor
790 1850 855 1914 fuit
873 1850 1046 1933 aliquanto

128 1956 171 2035 is,
187 1956 246 2037 qui
261 1957 386 2039 primus
401 1955 551 2019 fabulam
567 1955 659 2019 dedit
674 1976 777 2037 quam
792 1956 825 2033 ii,
840 1956 898 2038 qui
921 1955 1046 2019 multas

129 2060 314 2124 docuerant
336 2066 413 2124 ante
429 2061 489 2124 hos
505 2059 668 2139 consules,
684 2066 718 2123 et
743 2060 882 2124 Plautus
901 2065 935 2123 et
958 2060 1046 2124 Nae·

129 2167 216 2229 vius.
262 2165 355 2229 XIX.
393 2166 445 2229 74.
470 2165 566 2229 Haec
592 2166 620 2228 si
650 2166 762 2229 minus
785 2172 866 2249 apta
893 2164 1046 2230 videntur

128 2272 210 2336 huic
233 2272 384 2351 sermoni,
402 2271 513 2349 Brute,
535 2272 647 2335 Attico
669 2272 818 2356 assigna,
840 2272 898 2354 qui
921 2293 975 2335 me
996 2273 1045 2335 in·

128 2375 322 2440 flammavit
343 2376 455 2440 studio
477 2376 654 2440 illustrium
677 2377 852 2439 hominurn
868 2382 995 2440 aetates
1011 2382 1046 2441 et

127 2487 282 2565 tempora
305 2481 532 2565 persequendi.
578 2480 654 2565 Ego
676 2502 762 2559 vero,
778 2481 887 2564 inquit
910 2481 1045 2562 Brutus,

128 2593 165 2649 ct
181 2585 325 2649 delector
339 2587 406 2649 ista
428 2586 524 2668 quasi
547 2586 719 2650 notatione
737 2591 936 2669 tempomm,
951 2592 985 2649 et
1000 2586 1045 2651 ad

127 2691 175 2769 id,
196 2689 286 2773 quod
308 2691 492 2770 instituisti,
508 2697 677 2754 oratomm
700 2711 821 2774 genera
843 2690 1045 2776 distinguere

129 2796 308 2875 aetatibus,
323 2796 424 2858 istam
440 2794 649 2879 diligentiam
665 2817 736 2858 esse
752 2796 1043 2862 accommodatam

128 2906 223 2984 puto.
261 2900 312 2963 75.
335 2899 446 2977 Recte,
463 2901 612 2982 inquam,
628 2901 740 2981 Brute,
752 2901 927 2986 intelligis:
942 2908 1043 2984 atque

128 3004 262 3067 utinam
279 3010 445 3067 exstarent
459 3004 516 3067 illa
528 3005 685 3082 carmina,
697 3027 786 3087 quae
798 3006 912 3069 multis
923 3003 1043 3069 seculis

129 3114 208 3171 ante
226 3129 323 3171 suam
339 3115 484 3172 aetatem
500 3110 535 3172 in
556 3110 662 3194 epulis
678 3131 750 3173 esse
766 3110 926 3173 cantitata
942 3130 962 3172 a
978 3110 1043 3172 sin-

127 3212 216 3298 gulis
239 3214 387 3277 convivis
409 3215 451 3277 de
478 3214 640 3278 clarorum
663 3216 805 3279 virorum
829 3213 984 3276 laudibus
1005 3214 1042 3279 iu

130 3317 327 3403 Originibus
339 3320 498 3404 scriptum
510 3318 641 3402 reliquit
659 3319 745 3383 Cato
757 3317 764 3382 !
802 3320 932 3384 Tamen
943 3317 1041 3399 illius,

455 3564 469 3589 ⁴⁸
484 3564 551 3614 Edit
561 3563 659 3615 Priuez
674 3565 704 3614 si.
