2542 4117
202 293 247 362 40
479 314 615 359 annuus.
658 316 728 359 car.
750 315 830 359 xxx.

203 468 335 535 dicendi
357 489 462 555 genus
486 466 529 532 ad
556 468 739 555 patrocinia
761 467 967 532 mediocriter
988 473 1111 554 aptum

200 574 391 654 videbatur3
412 573 457 639 ad
480 574 679 638 senatoriam
695 594 771 637 vero
787 573 996 653 senteutiam,
1012 574 1113 658 cujus

200 684 271 744 erat
283 679 338 744 ille
354 678 513 764 princeps,
528 678 580 742 vel
599 678 763 758 maxime3
785 675 995 763 significabat
1016 678 1111 741 enim

199 804 267 848 non
293 783 501 868 prudentiam
523 782 632 847 solum
658 781 727 862 sed,
751 781 842 865 quod
868 783 1013 846 maxime
1036 803 1110 846 rem

199 888 400 969 continebat,
425 886 535 951 fidem
581 887 737 951 Habebat
758 887 821 950 hoc
839 908 860 951 a
882 893 1000 950 natura
1023 887 1111 971 ipsa,

199 992 289 1077 quod
311 1014 333 1057 a
353 993 502 1057 doctriua
517 1012 585 1056 non
599 991 696 1056 facile
718 996 838 1077 posset
886 989 1109 1073 Quamquam

198 1097 298 1183 hujus
331 1118 464 1181 quoque
495 1096 602 1182 ipsius
631 1097 688 1176 rei,
716 1094 1000 1180 quemadmodum
1030 1096 1110 1175 scis,

197 1209 373 1289 praecepta
395 1207 481 1266 sunt
528 1201 640 1286 Hujus
661 1206 696 1265 et
717 1202 881 1265 orationes
896 1206 1023 1265 suntet
1039 1206 1108 1265 tres

198 1307 243 1373 ad
269 1308 307 1373 L
332 1306 503 1372 Fufidium
527 1307 601 1370 libri
624 1307 736 1392 scripti
758 1304 883 1370 devita
901 1306 1007 1391 ipsius
1028 1312 1108 1371 acta

197 1433 281 1477 sane
305 1411 414 1492 utiles,
433 1432 519 1495 quos
541 1432 642 1475 nemo
665 1411 763 1497 legit:
784 1417 820 1475 at
844 1410 923 1495 Cyri
943 1411 1048 1475 vitam
1072 1417 1109 1475 et

197 1516 404 1602 disciplinam
421 1515 546 1603 legunt
561 1515 764 1601 praeclaram
787 1514 880 1579 illam
894 1515 1031 1598 quidem
1046 1514 1106 1579 sed

197 1641 304 1705 neque
318 1627 390 1685 tam
405 1624 502 1687 rebus
518 1622 638 1686 nostris
649 1626 765 1707 aptam
781 1641 842 1684 nec
854 1626 969 1684 tamen
988 1620 1106 1685 Scauri

195 1725 351 1793 laudibus
367 1725 644 1812 anteponendam.
690 1726 764 1811 Ipse
780 1726 883 1790 etiam
900 1724 1054 1790 Fufidius
1069 1726 1105 1789 in

196 1830 307 1915 aliquo
337 1839 550 1918 patronorum
580 1852 718 1895 numero
751 1831 824 1895 fuit
878 1830 987 1895 XXX.
1031 1830 1105 1895 113.

198 1936 344 2001 Rutilius
359 1943 474 2001 autem
488 1938 524 2000 in
538 1935 687 2020 quodam
701 1936 786 1999 tristi
802 1941 836 1999 et
858 1956 969 2000 severo
984 1957 1105 2021 genere

195 2041 326 2107 dicendi
341 2047 489 2106 versatus
505 2047 573 2121 eat3
588 2046 623 2106 et
638 2047 775 2124 uterque
790 2046 910 2105 natura
926 2040 1104 2105 vehemens

194 2151 229 2211 et
244 2166 326 2209 acer.
365 2146 481 2228 Itaque
497 2166 574 2209 curn
590 2166 660 2210 una
673 2144 885 2209 consulatum
902 2145 1104 2230 petivissent

194 2270 261 2315 non
285 2249 340 2313 ille
366 2249 484 2329 solum,
510 2250 568 2332 qui
589 2245 755 2334 repulsam
777 2249 908 2329 tulerat,
932 2251 1105 2314 accusavit

194 2354 341 2419 ambitus
363 2352 575 2440 designatum
598 2355 858 2439 competitorem,
873 2353 933 2417 sed
956 2354 1104 2419 Scaums

192 2458 295 2522 etiam
321 2458 494 2524 absolutus
517 2458 681 2524 Rutilium
706 2460 742 2522 in
762 2459 927 2543 judicium
954 2461 1104 2524 vocavit:

193 2561 364 2647 multaque
380 2584 479 2649 opera
494 2564 665 2647 multaque
680 2563 844 2627 industria
859 2563 1006 2629 Rutilius
1020 2565 1104 2646 fuit3

191 2687 278 2750 quae
295 2674 367 2731 erat
382 2675 553 2754 propterea
575 2669 706 2753 gratior,
721 2667 812 2751 quod
833 2668 923 2732 idem
939 2689 1103 2754 magnum

192 2792 316 2836 munus
348 2772 390 2837 de
419 2773 492 2857 jure
524 2772 745 2857 respondendi
778 2774 972 2837 sustinebat.
1028 2774 1104 2838 114.

194 2876 283 2942 Sunt
304 2877 376 2961 ejus
391 2878 558 2941 orationes
577 2878 729 2962 jejunae:
752 2877 859 2942 multa
873 2878 1040 2962 praeclara
1060 2879 1103 2944 de

187 2982 279 3066 juret
307 2982 426 3047 doctus
452 2982 500 3045 vir
523 2987 558 3046 et
584 2982 722 3047 Graecis
743 2982 844 3047 literis
867 2984 1015 3049 eruditus
1039 2985 1103 3049 Pa·

190 3088 294 3151 naetii
309 3086 440 3152 auditor
455 3108 554 3172 prope
570 3087 732 3172 perfectus
754 3086 789 3149 in
813 3086 944 3167 Stoicis,
958 3110 1101 3171 quorum

190 3198 384 3276 peracutum
409 3197 443 3255 et
466 3192 543 3255 artis
568 3190 704 3277 plenum
727 3190 884 3255 orationis
906 3213 1013 3277 genus
1036 3194 1101 3258 scis

189 3299 303 3359 tamen
320 3295 401 3358 exile
417 3316 479 3358 nec
494 3296 578 3359 satis
594 3295 746 3380 populari
764 3297 950 3361 assensioni
969 3319 1100 3361 accom-

188 3399 372 3464 modatum.
418 3399 534 3481 Itaque
560 3399 625 3478 illa,
651 3421 738 3482 quae
764 3401 895 3485 propria
920 3407 973 3466 est
997 3403 1099 3486 hujus

186 3503 387 3589 disciplinae,
404 3503 675 3589 philosophorum
697 3504 739 3568 de
758 3525 793 3568 se
811 3505 959 3590 ipsorum
982 3508 1098 3592 opinio
