2542 4117
426 327 563 371 annuus.
608 328 678 370 car.
701 328 734 371 x.
993 303 1036 371 13

120 482 254 568 gravis;
270 480 327 546 sed
343 480 509 544 suavitate
525 501 575 557 ea,
590 500 659 563 qua
674 477 881 565 perfunderet
895 480 1036 560 animos,

121 608 191 651 non
208 607 278 669 qua
295 585 524 672 perfringeret:
544 591 679 649 tantum
695 590 733 647 ut
748 585 943 649 memoriam
961 607 1038 650 oon·

120 691 296 756 cinnitatis
319 711 411 769 suae,
435 711 504 753 nou
527 687 828 775 (quemadmodum
850 687 891 752 de
912 688 1038 754 Pericle
1132 687 1143 750 l

121 797 257 881 scripsit
272 794 440 881 Eupolis),
455 815 533 857 oum
549 792 770 857 delectatione
785 792 920 880 aculeos
935 795 1039 858 etiam
1106 795 1113 852 l

120 901 325 983 relinqueret
356 900 392 963 in
423 899 546 963 animis
582 918 709 978 eorum,
742 918 764 961 a
796 899 918 981 quibus
951 901 1040 963 esset

122 1006 273 1071 auditus.

172 1109 216 1174 X.
260 1109 312 1173 39.
337 1106 485 1172 Videsne
500 1107 610 1192 igitur,
620 1107 655 1170 in
671 1127 712 1171 ea
727 1107 802 1192 ipsa
815 1108 905 1187 urbe,
920 1108 954 1171 in
972 1126 1041 1190 qua

122 1220 162 1279 et
180 1220 263 1279 nata
278 1219 312 1277 et
327 1212 395 1277 alta
410 1211 453 1275 sit
470 1210 671 1294 eloquentia,
686 1232 789 1295 quam
812 1233 854 1276 ea
876 1234 946 1276 sero
969 1233 1041 1297 pro÷

123 1319 226 1384 dierit
241 1319 275 1382 in
290 1315 424 1381 lucem‘l
447 1316 477 1379 si
496 1315 632 1399 quidem
649 1323 727 1380 ante
745 1315 878 1380 Solonis
893 1323 1041 1381 aetatem

125 1431 164 1489 et
189 1423 352 1488 Pisistrati
374 1422 416 1485 de
432 1420 524 1485 nullo
539 1427 578 1484 ut
593 1420 715 1485 diserto
731 1421 911 1485 memoriae
935 1421 1042 1508 prodi·

124 1537 205 1623 tum
220 1535 280 1593 est
318 1529 366 1593 At
383 1528 418 1591 hi
433 1527 579 1611 quidem,
593 1533 632 1590 ut
648 1525 762 1613 populi
782 1526 928 1592 Romani
948 1536 1042 1594 aetas

127 1642 191 1714 est,
207 1652 321 1713 senes3
343 1639 382 1697 ut
406 1632 661 1696 Atheniensium
685 1632 797 1696 secula
818 1641 1043 1714 numerantur,

128 1739 358 1805 adolescentes
389 1737 511 1802 debent
539 1736 652 1800 videri.
709 1737 801 1800 Nam
831 1738 895 1801 etsi
928 1738 1043 1802 Servio

132 1844 247 1909 Tullio
269 1847 428 1928 regnante
443 1843 630 1936 viguerunt,
645 1847 759 1905 tamen
783 1841 890 1905 multo
917 1842 1044 1906 diutius

133 1950 288 2014 Athenae
306 1948 379 2032 jam
403 1954 505 2025 erant,
520 1967 623 2030 quarn
640 1953 692 2010 est
715 1946 826 2011 Roma
853 1948 897 2011 ad
917 1948 1045 2012 hodier-

131 2081 216 2124 num
232 2059 341 2122 diem:
360 2078 422 2121 nec
436 2062 552 2121 tamen
569 2056 696 2135 dubito,
711 2057 793 2139 quin
809 2057 960 2121 habuerit
975 2058 1045 2122 vim

131 2184 298 2248 magnam
321 2183 450 2246 semper
473 2162 588 2225 oratio.
631 2161 686 2224 40.
710 2162 829 2244 Neque
855 2164 945 2226 enim
971 2164 1045 2248 jarn

135 2270 265 2334 Troicis
295 2268 500 2352 temporibus
531 2273 665 2330 tantum
696 2266 804 2331 leudis
836 2268 871 2331 iu
904 2268 1046 2332 dicendo

135 2374 229 2439 Ulixi
242 2373 413 2437 tribuisset
429 2371 596 2435 Homerus
608 2379 643 2434 et
656 2372 799 2449 Nestori,
810 2394 952 2456 quorum
965 2374 1047 2438 alte·

132 2500 209 2544 rurn
229 2479 299 2541 vim
322 2478 441 2540 habere
464 2476 570 2539 voluit
592 2476 733 2540 alterum
757 2478 967 2558 suavitatem,
983 2479 1048 2543 nisi

131 2586 204 2671 jam
234 2589 308 2647 tum
338 2587 426 2645 esset
452 2581 559 2644 honos
581 2580 811 2663 eloquentiae;
842 2603 949 2666 neque
975 2583 1048 2668 ipse

135 2694 238 2775 poeta
253 2687 307 2751 hic
320 2692 392 2750 tam
413 2685 504 2748 idem
527 2691 663 2748 ornatus
679 2685 712 2749 in
729 2685 869 2750 diceudo
888 2708 928 2751 ao
951 2688 1049 2772 plene

137 2799 248 2858 orator
271 2790 405 2855 luisset:
427 2790 523 2874 cujus
550 2790 612 2853 etsi
638 2790 763 2854 incerta
789 2798 868 2855 sunt
888 2799 1049 2878 tempora,

136 2904 253 2963 tamen
270 2896 367 2960 annis
382 2895 497 2958 multis
519 2894 585 2958 fuit
604 2900 682 2957 ante
702 2893 904 2977 Romulum3
926 2899 955 2961 si
977 2900 1050 2982 qui·

137 3003 216 3067 dem
232 3021 299 3065 non
315 2979 400 3063 inira
416 2998 616 3083 superiorem
644 2998 837 3084 Lycurgum
857 2999 930 3079 luit,
945 3022 966 3064 a
981 3023 1050 3084 quo

137 3112 191 3172 esi
215 3104 391 3190 disciplina
420 3103 764 3168 Lacedaemoniorum
789 3104 947 3168 adstricta
971 3104 1051 3191 legi·

138 3213 213 3277 bus.

181 3314 235 3381 41.
261 3312 330 3379 Sed
359 3311 510 3377 studium
541 3311 613 3396 ejus
643 3313 771 3396 generis
801 3313 972 3398 majorque
1001 3315 1052 3380 vis

140 3419 333 3507 agnoscitur
349 3419 385 3481 in
404 3417 584 3481 Pisistrato.
630 3415 783 3501 Denique
800 3418 888 3483 hunc
903 3420 1053 3504 proximo

140 3523 254 3592 seculo
279 3522 519 3589 Themistocles
540 3521 713 3587 insecutus
736 3529 795 3604 est,
811 3530 850 3588 ut
869 3524 959 3609 apud
982 3546 1054 3606 nos,
