2542 4117
410 334 546 377 annuns.
591 335 664 378 our.
688 334 781 377 xnvr.
1007 315 1049 379 61

133 488 235 553 celius
264 488 497 567 Bononiensis,
523 489 552 551 is
575 488 710 571 quidem
732 494 768 553 et
790 489 988 553 exercitatus
1017 494 1052 553 et

132 601 255 659 natura
285 592 450 657 volubilis.
497 592 662 657 Omnium
687 601 800 657 antem
826 593 1052 677 eloquentissi-

132 722 210 764 mus
227 705 319 763 extra
337 699 422 762 banc
438 700 553 761 urbem
571 697 610 761 T.
627 698 788 762 Betucius
804 698 926 762 Barrus
947 699 1053 762 Ascu-

131 804 242 883 lanus,
255 804 351 888 cujus
363 809 442 866 sunt
454 803 583 885 aliquot
598 804 765 866 orationes
780 803 896 866 Asculi
909 804 1052 867 habitae.

134 910 197 973 llla
222 909 353 973 Romae
376 914 492 971 contra
513 908 721 992 Caepionem
746 908 868 971 nobilis
890 929 982 987 sane,
997 908 1053 972 cui

134 1015 281 1078 orationi
301 1014 480 1097 Caepionis
497 1034 551 1076 ore
566 1014 736 1098 respondit
757 1014 882 1093 Aelius,
897 1014 955 1095 qui
978 1012 1053 1076 scri·

133 1120 272 1205 ptitavit
298 1119 464 1182 orationes
487 1118 636 1196 multas*
658 1124 767 1183 orator
785 1120 857 1203 ipse
880 1138 1053 1201 nunqnam

133 1223 210 1289 suit.
256 1224 331 1287 170.
356 1223 457 1308 Apud
482 1223 623 1307 majores
649 1231 765 1286 autem
796 1231 924 1288 nostros
954 1224 1053 1287 rideo

133 1331 394 1394 disertissimum
419 1330 574 1392 habitum
605 1350 646 1391 ex
675 1329 775 1392 Latio
807 1330 845 1393 1.
879 1329 1053 1414 Papirium

136 1435 384 1520 Fregellanum,
416 1434 468 1498 Ti.
501 1434 646 1497 Gracchi
682 1434 716 1497 P.
749 1434 787 1498 F.
824 1436 891 1499 fere
924 1441 1053 1498 aetate:

135 1541 211 1625 ejus
234 1539 387 1603 autem**
410 1539 515 1602 oratio
532 1545 583 1603 θεῖ
603 1561 661 1624 pro
679 1539 885 1625 Fregellanis
903 1540 1056 1604 coloniis·

135 1668 203 1729 que
236 1645 367 1707 Latinis
398 1645 512 1707 habita
545 1645 580 1707 in
614 1651 741 1707 senatu.
798 1645 888 1709 Turn
920 1645 1054 1725 Brutus,

140 1751 237 1827 Quid
259 1755 297 1813 tu
314 1749 424 1834 igitur,
439 1750 557 1831 inquit,
572 1750 689 1812 tribuis
711 1750 785 1812 istis
801 1751 942 1812 externis
957 1752 1055 1833 quasi

137 1854 349 1919 oratoribus?
406 1853 502 1932 Quid
531 1875 656 1932 censes,
686 1855 837 1936 inquam,
860 1855 924 1917 nisi
954 1855 1055 1934 idem,

137 1960 231 2043 quod
246 1959 382 2023 urbanis
398 1965 524 2043 praeter
546 1980 664 2037 unum,
678 1959 770 2040 qnod
790 1980 857 2021 non
873 1965 924 2022 est
939 1980 1054 2022 eornm

138 2068 330 2130 urbanitate
353 2064 501 2147 quadam
516 2064 614 2146 qnasi
636 2064 784 2127 colorata
807 2063 936 2128 oratio?
980 2063 1054 2128 171.

139 2170 188 2236 Bt
204 2170 339 2249 Brutus,
358 2168 429 2247 Qui
448 2175 508 2246 est,
524 2169 641 2251 inquit,
657 2170 719 2232 iste
734 2169 872 2232 tandem
887 2171 1055 2233 urbanita-

137 2277 183 2339 tis
206 2274 318 2339 color?
358 2274 489 2352 Nescio,
511 2274 670 2356 inquam:
694 2279 827 2337 tantum
854 2296 926 2337 esse
952 2297 1056 2359 quen·

139 2380 221 2444 dam
244 2380 321 2443 scio.
369 2378 407 2443 Id
431 2385 478 2457 tu,
495 2378 607 2457 Brute,
628 2378 700 2462 jarn
723 2379 896 2465 intelliges,
919 2402 997 2445 cum
1019 2381 1055 2445 in

143 2485 290 2549 Galliam
307 2484 443 2547 venerio.
491 2483 617 2547 Audies
632 2490 672 2546 tu
687 2484 821 2565 quidem
839 2486 939 2548 etiam
956 2489 1057 2550 verba

141 2590 309 2673 quaedam
331 2610 397 2652 non
413 2589 491 2651 trita
508 2587 655 2651 Romae:
678 2588 736 2651 sed
759 2590 840 2651 haee
860 2591 983 2653 mutari
1001 2590 1056 2653 de·

141 2695 291 2777 discique
315 2699 474 2778 possunt:
495 2692 577 2755 illud
600 2698 652 2755 θεῖ
674 2694 793 2777 majus,
808 2694 898 2776 quod
918 2695 953 2756 in
970 2696 1058 2759 voci·

141 2802 206 2864 bns
236 2804 423 2863 nostrorum
453 2804 620 2861 oratorum
651 2799 817 2861 recinitMil
838 2800 999 2882 quiddam
1023 2808 1057 2866 θῖ

140 2910 277 2969 resonat
299 2905 466 2967 urbanius.
513 2903 584 2966 Neo
608 2903 672 2966 boc
690 2904 726 2966 in
748 2905 931 2969 oratoribus
953 2906 1056 2970 modo

142 3015 281 3095 apparet
303 3009 362 3072 sed
384 3009 487 3072 etiam
503 3009 539 3071 in
555 3009 679 3071 ceteris.
723 3008 797 3072 172.
821 3009 896 3094 Ego
918 3011 1057 3074 memini

144 3116 186 3182 Τ.
206 3116 348 3180 Tincam
364 3114 606 3192 Placentinum,
619 3113 789 3176 hominem
804 3113 1057 3195 facetissimum,

173 3304 188 3330 *
203 3305 252 3354 Ed.
263 3304 344 3354 Princ.
355 3304 404 3352 and
416 3303 516 3368 Meyer:
531 3301 616 3351 mullis.

173 3386 202 3411 *⁴*
218 3387 267 3435 Ed.
278 3386 374 3435 Princ:
390 3385 465 3434 etiam.

173 3467 216 3494 Μ
232 3468 401 3531 Monnscn‘pts
418 3468 468 3516 and
483 3466 530 3515 ud.
547 3466 644 3517 Princ:
661 3467 761 3529 retinnit,
771 3467 853 3517 which
869 3468 890 3518 is
906 3468 1027 3535 probably
1043 3486 1059 3522 n

117 3617 120 3622 ,
139 3551 242 3604 elericai
252 3565 320 3602 error
329 3550 368 3602 for
379 3549 479 3612 retinnit,
489 3549 597 3613 adopted
608 3550 641 3615 by
653 3548 794 3613 Schneider,
803 3550 897 3615 Meyer,
906 3552 956 3601 and
966 3552 1059 3604 others.
