2542 4117
225 287 271 355 42
497 307 633 352 saurus.
677 307 748 351 car.
770 304 862 349 mn

229 460 310 527 Fuit
332 467 445 526 autem
467 467 623 526 constans
646 460 728 525 civis
751 465 785 523 et
805 459 899 523 fortis
913 463 948 523 et
961 459 997 522 in
1021 457 1138 544 primis

230 566 380 631 Graccho
395 565 565 646 molestus,
579 566 669 648 quod
691 564 818 629 indicat
841 564 982 628 Gracchi
998 563 1036 626 in
1058 582 1140 626 eum

226 674 351 739 oratio:
375 679 453 738 sunt
474 673 578 737 etiarn
597 673 632 735 in
654 672 844 737 Gracchum
858 671 1065 736 ‚Tuberonis
1103 669 1139 733 Is
1264 729 1266 775 ἰ

227 777 294 843 fuit
315 778 488 842 mediocris
509 778 545 841 in
567 776 708 842 dicendo
730 776 944 840 doctissimus
964 775 1000 838 in
1025 774 1140 858 dispu-

227 883 340 948 tando.
385 882 458 947 118.
482 882 573 946 Turn
599 882 731 960 Brutus,
761 879 879 958 Quam
901 881 963 944 hoc
985 878 1077 942 idem
1102 879 1141 941 in
1260 873 1264 886 '

226 989 348 1053 nostris
369 987 559 1072 contingere
578 986 736 1072 intelligo,
750 985 842 1069 quod
862 986 899 1049 in
923 982 1075 1049 Graecis!
1100 989 1142 1047 ut

225 1114 345 1157 omnes
374 1091 440 1156 iere
471 1091 577 1157 Stoici
605 1091 852 1177 prudentissimi
880 1090 916 1154 in
944 1088 1141 1154 disserendo

228 1198 306 1277 sint,
320 1203 355 1262 et
377 1197 413 1261 id
434 1202 504 1261 arte
525 1195 661 1275 faciant,
683 1197 816 1279 sintque
838 1194 1007 1259 architecti
1027 1213 1141 1279 paene

226 1305 410 1381 verborum,
425 1301 526 1366 iidem
547 1301 689 1366 traducti
704 1300 941 1386 a-disputando
962 1299 1006 1363 ad
1027 1298 1142 1363 dicen·

229 1407 310 1471 dum
322 1407 438 1492 inopes
449 1407 660 1492 reperiantur.
693 1406 807 1470 Unum
817 1405 945 1490 excipio
961 1405 1142 1483 Catonem,

228 1510 265 1575 in
291 1532 358 1593 quo
385 1510 620 1597 perfectissimo
650 1510 765 1576 Stoico
791 1531 960 1574 summam
982 1508 1143 1592 eloquen-

228 1616 313 1680 tiam
336 1637 403 1680 non
426 1616 618 1695 desiderem,
640 1636 741 1700 quam
765 1616 921 1701 exiguam
944 1615 979 1678 in
1003 1614 1141 1678 Fannio

229 1739 273 1785 ne
302 1722 338 1785 in
371 1721 497 1786 Rutilio
529 1721 664 1805 quidem
699 1741 860 1805 maguam
891 1721 927 1784 in
960 1720 1142 1785 Tuberone

229 1826 356 1891 nullam
371 1827 468 1891 video
484 1826 594 1890 luisse.
640 1825 713 1889 119.
738 1825 784 1890 Et
797 1847 869 1910 ego,
887 1826 974 1905 Non,
987 1826 1141 1908 inquam,

231 1932 343 2012 Brute,
359 1932 429 1995 rinc
445 1952 557 2010 causa,
574 1938 744 2016 propterea
759 1931 847 2014 quod
862 1932 1002 1994 istorum
1017 1931 1053 1993 in
1068 1930 1142 1995 dia·

229 2036 354 2102 lecticis
369 2037 479 2100 omnis
494 2057 572 2099 cura
586 2037 810 2116 consumitur;
831 2057 954 2122 vagum
970 2035 1052 2099 illud
1068 2057 1142 2099 ora·

229 2141 330 2205 tionis
346 2147 380 2203 et
394 2139 506 2204 fusum
522 2146 556 2203 et
570 2141 743 2225 multiplex
755 2162 822 2205 non
834 2141 1008 2205 adhibetur
1023 2162 1142 2226 genus.
1248 2225 1253 2236 ι

233 2245 328 2311 Tuus
344 2251 457 2309 autem
473 2244 667 2325 avunculus,
682 2246 967 2329 quemadmodum
991 2248 1066 2325 scis,
1083 2247 1143 2309 ha·

229 2351 287 2413 bet
302 2371 323 2413 a
340 2349 462 2413 Stoicis
476 2349 520 2429 id,
535 2350 624 2433 quod
641 2352 684 2414 ab
699 2350 763 2414 illis
778 2351 959 2436 petendum
979 2350 1058 2414 suit:
1080 2351 1142 2414 sed

230 2454 336 2519 dicere
352 2454 468 2520 didicit
483 2477 504 2519 a
518 2454 649 2520 dicendi
665 2456 839 2540 magistris,
851 2476 1032 2538 eorumque
1048 2476 1141 2518 more

229 2581 267 2624 se
282 2561 434 2624 exercuit
482 2559 584 2638 Quod
600 2560 628 2624 si
643 2561 757 2623 omnia
773 2582 793 2624 a
809 2560 1013 2645 philosophis
1028 2566 1142 2624 essent

230 2666 386 2751 petenda,
417 2665 710 2751 Peripateticorum
739 2665 900 2729 institutis
929 2665 1140 2729 commodius

230 2770 406 2855 fingeretur
420 2771 534 2834 oratio.
578 2770 651 2833 120.
676 2769 756 2848 Quo
771 2771 880 2856 magis
902 2776 1010 2849 tuum,
1026 2769 1140 2850 Brute,

227 2876 390 2963 judicium
407 2877 520 2960 probo,
534 2876 594 2958 qui
616 2896 740 2955 eorum,
754 2876 790 2939 id
808 2883 859 2940 est
874 2896 914 2938 ex
929 2882 1036 2964 vetere
1055 2877 1140 2940 Aca·

231 2983 351 3061 demia,
364 2979 634 3065 philosophorum
649 2986 775 3044 sectam
791 2986 925 3044 secutus
940 3001 984 3060 es,
997 3000 1140 3063 quorum
1265 3017 1266 3020 =

230 3087 266 3151 in
282 3086 430 3151 doctrina
446 3090 546 3169 atque
562 3085 742 3169 praeceptis
757 3084 936 3148 disserendi
956 3086 1040 3148 ratio
1063 3106 1141 3149 con·

228 3192 380 3277 jungitur
401 3210 479 3254 cum
501 3191 666 3254 suavitate
681 3188 813 3253 dicendi
836 3196 870 3255 et
885 3190 999 3274 copia:
1022 3211 1140 3273 quam·

232 3317 334 3377 quam
357 3316 399 3357 ea
423 3295 499 3378 ipsa
531 3294 823 3379 Peripateticorum
849 3294 1140 3359 Academicorum·

231 3419 297 3481 que
319 3397 525 3462 consuetudo
552 3398 586 3460 in
610 3400 737 3462 ratione
761 3399 892 3463 dicendi
916 3400 993 3464 talis
1019 3407 1078 3479 est,
1101 3406 1142 3465 ut
1265 3387 1266 3390 Ἴ

232 3523 295 3568 nec
319 3501 471 3589 perficere
495 3509 656 3567 oratorem
680 3505 786 3588 possit
804 3506 878 3589 ipsa
900 3526 957 3591 per
982 3527 1056 3569 sese
1078 3526 1141 3570 nec
