2542 4117
425 361 561 407 saurus.
604 363 675 407 css.
697 364 806 408 xxvn.
1029 343 1073 410 37

158 514 315 600 judicum
340 515 530 580 vindicavit
577 514 645 581 Sed
670 515 735 581 snit
757 522 895 601 uterque
920 539 1073 584 summus

162 626 283 700 orator,
295 626 396 703 atque
413 621 476 684 hoc
492 622 651 685 memoria
667 628 799 707 patrum
813 628 899 686 teste
914 623 1075 705 dicimus;

162 722 239 789 104.
262 731 392 789 namet
410 725 569 789 Carbonis
592 731 626 789 et
650 726 791 790 Gracchi
816 726 979 793 habemus
1004 749 1074 793 ora·

161 829 276 893 tiones
293 829 442 895 nondum
459 830 542 894 satis
557 829 748 916 splendidas
764 832 869 895 verbis
885 832 943 896 sed
959 841 1075 897 acutas

161 934 427 1019 prudentiaeque
449 935 668 1020 plenissimas.
714 935 795 1000 Fuit
818 935 989 1001 Gracchus
1004 936 1076 1000 dili·
1126 977 1133 1014 r,

161 1040 280 1124 gentia
300 1039 471 1128 Gorneliae
486 1040 600 1104 matris
622 1061 644 1103 a
668 1061 769 1125 puero
788 1040 907 1105 doctus
922 1046 956 1105 et
973 1041 1076 1104 Grae·
1122 1065 1126 1087 1
1151 1071 1155 1078 v

161 1143 213 1208 cis
227 1143 329 1207 literis
344 1145 510 1225 eruditus3
527 1165 605 1208 nam
617 1165 746 1230 semper
761 1145 878 1209 habuit
893 1146 1075 1228 exquisitos

161 1270 182 1312 e
209 1249 350 1312 Graecia
372 1249 556 1334 magistros,
571 1249 606 1313 in
621 1250 670 1313 eis
686 1250 758 1335 jam
780 1249 971 1314 adolescens
994 1249 1074 1314 Dio·

161 1354 309 1439 phanem
335 1353 587 1440 Mitylenaeum,
605 1355 766 1418 Graeciae
788 1356 991 1440 temporibus
1008 1354 1074 1419 illis

161 1457 427 1522 disertissimum.
474 1458 543 1524 Sed
565 1460 596 1523 ei
617 1461 713 1523 breve
728 1466 861 1545 tempus
875 1460 1000 1546 ingenii
1016 1480 1075 1524 au·

161 1562 265 1648 gendi
287 1569 320 1626 et
341 1562 530 1628 declarandi
550 1562 621 1627 luit
667 1563 740 1628 105.
766 1565 883 1645 Carbo,
899 1564 990 1648 qnod
1004 1565 1072 1629 vita

162 1666 399 1753 suppeditavit,
415 1673 466 1732 est
485 1669 521 1733 in
543 1667 659 1732 multis
678 1668 812 1754 judiciis
828 1670 1004 1752 causisque
1020 1690 1075 1732 co·

162 1774 288 1857 gnitus.
334 1772 435 1836 Hunc
450 1774 509 1856 qui
530 1773 705 1837 audierant
720 1772 897 1858 prudentes
912 1772 1074 1853 homines,

160 1875 200 1939 in
215 1876 336 1959 quibus
351 1875 522 1941 familiaris
537 1884 649 1941 noster
672 1876 710 1940 L
736 1876 874 1956 Gellius,
889 1877 948 1959 qui
969 1896 1005 1939 se
1026 1875 1076 1941 illi

163 1981 435 2045 contubernalem
458 1983 492 2045 in
516 1981 693 2046 consulatu
714 1981 818 2045 fnisse
843 1983 1007 2060 narrabat,
1023 2001 1077 2047 ca·

163 2106 286 2150 norum
298 2092 460 2150 oratorem
472 2092 507 2151 et
517 2086 695 2150 volubilem
707 2091 741 2150 ct
756 2086 837 2149 satis
849 2106 958 2149 acrem
973 2091 1075 2168 atque

161 2191 307 2255 eundem
331 2196 365 2254 et
386 2192 616 2276 vehementem
632 2196 666 2255 et
680 2189 776 2255 valde
794 2190 926 2254 dulcem
949 2196 983 2253 et
1004 2210 1074 2274 per·

159 2294 309 2361 facetum
320 2294 422 2359 fuisse
434 2295 582 2359 dicebat:
598 2294 743 2360 addebat
757 2295 957 2361 industrium
969 2297 1073 2360 ctiam

160 2406 198 2465 et
220 2401 412 2488 diligentem
439 2408 473 2466 et
497 2403 532 2466 in
559 2403 847 2466 exercitationibus
869 2408 1075 2467 commenta·

159 2507 376 2591 tionibusquc
399 2506 544 2571 multum
567 2529 685 2593 operae
701 2508 836 2573 solitum
851 2529 922 2572 esse
943 2503 1073 2592 ponere.

161 2612 238 2676 106.
262 2612 327 2676 Hic
354 2613 502 2698 optimus
527 2613 591 2677 illis
613 2615 817 2699 temporibus
839 2620 891 2678 est
912 2620 1073 2699 patronus

162 2718 308 2797 babitus,
323 2738 430 2801 coque
451 2716 559 2781 forum
581 2723 716 2781 tenente
738 2718 833 2803 plura
854 2717 924 2783 fieri
946 2718 1073 2804 judicia

160 2828 360 2907 coepenrnt:
390 2843 470 2886 nam
501 2829 536 2887 et
562 2824 773 2906 quaestiones
803 2831 980 2909 perpetuae
1010 2824 1074 2888 hoc

161 2927 372 2992 adolescente
394 2929 595 2992 constitutae
618 2937 707 3009 sunt,
729 2950 816 3012 quae
838 2935 939 2993 antea
962 2928 1073 2993 nullae

159 3032 295 3099 fuerunt
325 3032 382 3119 (L.
413 3033 503 3097 enim
536 3032 615 3098 Piso
646 3035 798 3098 tribunus
828 3032 933 3117 plebis
964 3032 1073 3116 legem
1116 3061 1125 3128 [ᾗ

159 3139 287 3223 primus
310 3137 351 3201 de
375 3137 522 3223 pecuniis
543 3137 732 3223 repetundis
750 3137 932 3201 Censorino
948 3142 983 3199 et
1002 3136 1074 3201 Ma·
1106 3215 1110 3228 1

160 3240 243 3305 nilio
264 3241 457 3305 consulibus
479 3242 574 3306 tulit:
597 3244 668 3326 ipse
683 3243 785 3305 etiam
803 3242 881 3305 Piso
897 3247 931 3304 et
952 3262 1073 3307 causas
1132 3219 1164 3246 Χ

158 3346 240 3428 egit,
252 3351 287 3409 et
302 3345 482 3411 multarum
498 3346 611 3431 legum
627 3352 687 3410 aut
702 3352 816 3410 auctor
831 3351 891 3410 aut
904 3345 1074 3412 dissuasor

159 3445 244 3527 suit3
273 3448 367 3530 isque
394 3454 428 3512 et
448 3449 612 3512 orationes
635 3448 775 3531 reliquit,
798 3449 974 3532 quaejam
997 3470 1073 3513 eva·

153 3556 316 3633 -nuerunt,
332 3558 367 3617 et
382 3553 519 3618 annales
533 3574 614 3618 sane
629 3553 754 3618 exiliter
775 3555 947 3642 scriptos);
969 3560 1004 3619 et
1022 3557 1075 3641 ju·
