2542 4117
202 266 247 333 do
461 285 596 331 usuros.
641 286 711 330 car.
733 286 854 330 xxxrv.

207 439 245 505 0.
262 439 411 505 licinius
438 438 545 504 Nerva
565 460 631 504 non
648 438 825 504 indisertus
847 437 919 504 suit
965 438 1003 504 G.
1021 440 1119 506 Fim-

203 546 274 609 bria
298 545 501 630 temporibus
524 544 644 608 iisdem
666 542 731 608 fere
757 544 813 608 sed
841 544 974 629 longius
1000 552 1117 609 aetate

203 656 378 736 provectus
401 649 535 714 habitus
553 655 605 713 est
630 670 720 728 sane,
734 654 775 713 ut
795 650 844 713 ita
865 649 986 729 dicam,
1001 656 1117 713 bueu-

203 755 337 821 lentus*
359 775 456 840 asper
477 753 660 818 maledicus
682 775 800 839 genere
821 760 894 817 toto
913 754 1026 839 paullo
1052 753 1118 818 ier·

204 860 310 925 vidior
329 865 429 943 atque
451 859 664 937 commotior;
686 858 859 943 diligentia
873 865 987 922 tamen
1002 865 1037 922 et
1051 860 1118 922 vir·

204 969 277 1029 tute
297 964 402 1028 animi
428 969 528 1045 atque
553 963 622 1027 vita
648 965 757 1027 bonus
782 969 897 1027 auctor
922 965 957 1027 in
983 970 1118 1027 senatu.

207 1068 301 1134 Idem
323 1068 501 1133 tolerabilis
522 1073 680 1152 patronus
703 1089 764 1131 neo
785 1067 876 1131 rudis
890 1069 1009 1152 injure
1024 1068 1120 1132 civili

206 1179 339 1238 etcum
359 1173 478 1236 virtute
502 1178 576 1236 tum
597 1173 700 1236 etiam
719 1173 793 1257 ipso
814 1174 972 1237 orationis
994 1194 1119 1258 genere

205 1277 303 1357 liber;
324 1277 418 1360 eujus
433 1277 598 1340 orationes
613 1277 707 1363 pueri
724 1276 925 1361 legebamus,
940 1299 1023 1360 quas
1040 1278 1118 1362 jam

204 1382 342 1467 reperire
355 1381 409 1444 vix
420 1402 607 1466 possumus.
645 1381 717 1445 130.
741 1383 852 1464 Atque
864 1383 964 1446 etiam
977 1384 1119 1468 ingenio

207 1492 243 1550 et
270 1506 419 1550 sermone
445 1485 589 1571 eleganti
613 1485 803 1550 valetudine
832 1488 1046 1551 inoommoda
1075 1488 1121 1551 C.

210 1590 344 1656 Sextius
370 1589 531 1654 Calvinus
554 1589 626 1670 suit,
645 1592 703 1672 qui
727 1591 798 1670 etsi,
820 1612 898 1655 oum
921 1592 1121 1656 remiserant

209 1695 337 1764 dolores
363 1695 496 1780 pedum,
521 1715 587 1759 non
610 1694 724 1759 deerat
743 1696 780 1759 in
801 1697 921 1776 causis,
942 1702 1056 1761 tamen
1078 1697 1120 1761 id

208 1821 277 1866 non
300 1821 400 1885 saepe
421 1798 574 1865 faciebat.
619 1799 738 1883 Itaque
763 1800 902 1865 oonsilio
931 1803 1012 1886 ejus,
1036 1822 1118 1866 eum

209 1907 374 1986 volebant,
404 1906 556 1970 homiues
588 1907 783 1985 utebantur3
814 1907 1006 1990 patrocinio,
1036 1927 1118 1971 oum

209 2011 339 2076 lioebat
384 2010 506 2074 lisdem
527 2011 732 2094 temporibus
756 2010 802 2074 M.
826 2011 960 2091 Brutus,
984 2013 1020 2075 in
1047 2032 1118 2095 quo

210 2134 373 2200 magnum
395 2112 467 2193 fuit,
484 2113 597 2193 Brute,
610 2113 754 2178 dedecus
776 2116 887 2200 generi
908 2122 1024 2195 vestro,
1047 2117 1119 2199 qui,

210 2239 289 2284 oum
314 2223 410 2283 tanto
439 2218 573 2281 nomine
600 2225 696 2299 esset,
725 2226 921 2304 patremque
950 2222 1118 2306 optimum

210 2325 318 2389 virum
347 2322 518 2387 habuisset
542 2328 576 2386 et
597 2323 679 2407 juris
705 2324 951 2408 peritissimum,
981 2346 1119 2391 accusa·

209 2429 338 2495 tionem
351 2425 549 2492 factitaverit
562 2433 601 2492 ut
617 2429 758 2493 Athenis
774 2429 956 2516 Lycurgus
1000 2432 1033 2495 Is
1048 2452 1119 2496 ms·

211 2533 369 2619 gistratus
395 2552 462 2598 non
489 2532 617 2617 petivit,
646 2533 703 2597 sed
727 2530 792 2597 fuit
820 2542 993 2600 aecusator
1021 2538 1118 2599 vehe-

211 2657 307 2704 mens
336 2643 371 2702 et
399 2636 568 2716 molestus,
598 2642 638 2702 ut
667 2638 764 2702 facile
793 2659 938 2703 cerneres
967 2641 1119 2705 naturale

212 2741 382 2827 quoddam
406 2742 515 2827 stirpis
538 2744 665 2807 bonum
687 2743 935 2829 degeneravisse
961 2746 1042 2809 vitio
1064 2747 1119 2811 de·

212 2852 370 2935 pravatus
383 2846 573 2911 voluntatis.
616 2847 689 2912 131.
712 2850 823 2932 Atque
838 2850 956 2914 eodem
970 2856 1120 2937 ternpore

213 2957 385 3020 aecusator
407 2951 449 3016 de
464 2951 558 3036 plebe
576 2951 614 3016 Iu
633 2952 838 3018 Caesulenus
854 2954 926 3035 fuit,
940 2976 1040 3039 quem
1056 2978 1119 3042 ego

213 3058 327 3124 audivi
344 3058 416 3142 jam
439 3077 563 3136 senem,
577 3078 655 3121 eum
675 3059 717 3122 ab
734 3058 773 3122 L.
791 3058 936 3124 Sabellio
957 3062 1119 3126 muletam

212 3162 285 3250 lege
310 3162 446 3246 Aquilia
472 3161 588 3226 damni
610 3163 731 3246 injuria
753 3165 930 3249 petivisset
975 3166 1053 3231 Non
1074 3165 1120 3231 ie·

243 3407 258 3433 ”
273 3406 418 3458 Admirsble
433 3406 591 3458 emendation
606 3406 635 3457 of
644 3407 751 3459 Ernesti.
784 3408 863 3461 codd.
874 3411 923 3462 sud
939 3411 1008 3464 Edit.
1023 3412 1120 3463 Ptine:

211 3487 336 3540 wukutm
350 3496 469 3555 patronus.
502 3487 603 3541 Sobata:
619 3488 891 3544 mmmmm.
