2542 4117
191 262 236 328 24
461 282 597 327 nunnus.
642 285 713 327 oss.
735 284 832 328 xvm.

192 434 391 500 veritatemi
452 436 635 500 Calamidis
667 436 751 500 dura
783 437 840 502 illa
869 436 1018 521 quidem,
1048 436 1112 501 sed

191 549 305 605 tamen
333 540 483 605 molliora
512 562 615 624 qnam
649 541 818 605 Canachi:
848 543 999 605 nondum
1033 541 1113 626 My·

192 646 281 709 ronis
311 648 394 709 satis
425 646 469 710 ad
500 647 672 709 veritatem
703 645 859 726 adducta,
882 648 953 731 jam
980 652 1111 725 tamen,

191 773 279 834 quae
291 773 358 816 non
370 752 502 815 dubites
514 751 650 837 pulchra
662 751 785 815 dicere:
802 752 986 837 pulchriora
1001 752 1112 815 etiam

194 856 355 943 Polycleti
378 863 413 921 et
431 858 502 943 jam
527 857 625 942 plane
642 856 793 942 perlecta,
809 864 848 921 ut
862 859 944 922 mihi
967 857 1112 940 quidem

191 962 294 1026 videri
310 961 425 1027 solent.
465 961 592 1026 Similis
608 962 644 1025 in
660 964 786 1046 pictura
801 963 885 1026 ratio
901 970 970 1025 est:
985 963 1020 1025 in
1036 983 1111 1044 qua

196 1068 338 1131 Zeuxim
360 1074 394 1131 et
418 1066 644 1153 Polygnotum
660 1073 694 1130 et
711 1066 905 1131 'limantem
925 1073 959 1131 et
981 1087 1111 1146 eorum,

193 1173 252 1254 qui
275 1194 340 1236 non
365 1178 444 1235 sunt
469 1172 522 1234 nsi
544 1171 619 1256 plus
642 1192 745 1253 quam
768 1178 912 1253 quatuor
933 1172 1111 1251 coloribus,

192 1275 316 1342 formas
339 1282 373 1339 et
394 1275 598 1339 lineamenta
620 1275 820 1355 laudamns;
844 1283 879 1340 at
894 1276 929 1339 in
947 1276 1112 1352 Echione,

196 1381 413 1460 Nicomacho,
430 1381 625 1466 Protogene,
644 1381 758 1466 Apelle
778 1382 851 1466 jam
870 1383 1013 1467 perfecta
1029 1388 1113 1445 sunt

194 1486 318 1549 omnia.
361 1486 414 1549 71.
436 1485 483 1549 Et
502 1486 614 1549 neseio
631 1507 674 1549 an
689 1486 823 1569 reliquis
839 1488 872 1549 in
889 1489 986 1550 rebus
1002 1486 1112 1550 omni·

191 1592 255 1654 bus
280 1589 371 1653 idem
396 1590 544 1653 eveniat:
568 1589 650 1653 nihil
677 1596 728 1653 est
755 1593 845 1653 enim
872 1590 973 1654 simui
999 1598 1033 1654 et
1059 1591 1111 1654 in-

191 1701 331 1757 ventum
358 1701 393 1759 ct
418 1693 617 1779 perfeetum:
642 1716 703 1758 nec
725 1694 869 1759 dubitari
895 1696 1003 1774 debet,
1025 1697 1111 1777 quin

193 1797 315 1864 fuerint
337 1805 415 1863 ante
440 1798 626 1863 Homerum
651 1802 788 1884 po'e‘tac3
811 1799 903 1883 quod
918 1801 1021 1864 exeis
1039 1822 1111 1863 car·

194 1905 342 1968 minibus
376 1904 516 1989 intelligi
549 1911 669 1990 potest,
700 1926 786 1988 quae
821 1905 913 1990 apud
945 1905 1040 1968 illum
1076 1912 1112 1969 et

194 2011 230 2074 iu
258 2010 453 2090 Phaeacum
481 2017 515 2074 et
538 2011 572 2074 iu
599 2032 773 2094 procorum
800 2010 907 2095 epulis
934 2017 1111 2075 canuntur.

198 2115 315 2193 Quid?
338 2116 442 2179 nostri
457 2121 582 2178 veteres
599 2137 711 2180 versus
727 2117 786 2180 ubi
801 2115 902 2179 sunt?

383 2269 445 2318 quos
457 2255 517 2304 olim
528 2254 612 2304 Fauni
622 2262 742 2318 vatesque
752 2254 880 2314 canebant,

291 2335 357 2387 Cum
367 2351 448 2401 neque
460 2337 591 2387 Musarum
602 2337 718 2401 scopulos
729 2338 862 2401 quisquam
873 2344 1009 2401 superarat,

289 2418 346 2496 Nee,
353 2420 413 2468 dicti
422 2420 549 2470 studiosus
559 2426 613 2469 erut
629 2454 727 2468 .....

290 2501 359 2550 Ante
370 2501 437 2550 hunc
453 2535 550 2549 .....

196 2619 245 2683 ait
265 2619 336 2703 ipse
364 2619 405 2682 de
429 2637 481 2697 se;
504 2639 565 2681 nec
588 2617 746 2681 mentitur
768 2618 802 2680 in
825 2616 1006 2702 gloriando,
1052 2617 1108 2681 Sic

196 2724 287 2786 enim
311 2743 382 2784 sese
409 2743 458 2784 res
482 2722 589 2784 habet.
639 2722 728 2785 Nam
749 2728 782 2785 et
808 2721 961 2806 Odyssea
984 2722 1108 2787 Latina

197 2834 248 2891 est
270 2828 317 2889 sic
338 2832 513 2909 tamquam
529 2846 614 2909 opus
638 2825 774 2908 aliquod
797 2825 948 2904 Daedali,
964 2833 998 2889 et
1021 2827 1109 2890 Livi·

197 2953 282 2997 anae
306 2930 439 2994 fabulae
463 2931 633 2994 nonsatis
660 2931 790 3016 dignae,
812 2953 898 3013 quae
925 2933 1043 2995 iterum
1066 2931 1109 2994 le-

196 3045 325 3124 gantur.
362 3037 414 3101 72.
440 3038 551 3120 Atque
567 3037 619 3100 hic
636 3037 762 3115 Liviae,
778 3038 858 3119 qui*
876 3038 1001 3121 primus
1017 3036 1109 3100 fabu-

196 3144 264 3207 lam
284 3145 321 3207 C.
341 3143 493 3221 Claudio,
512 3143 613 3205 Caeci
634 3140 713 3221 filio,
728 3149 761 3204 et
780 3142 826 3204 M.
844 3142 1015 3205 Tuditano
1034 3162 1108 3204 con·

228 3340 242 3365 ⁴*
260 3340 351 3391 Schttz
361 3342 410 3390 und
421 3340 536 3389 Ellendt:
553 3340 629 3403 Atque
645 3340 682 3389 lic
698 3339 782 3389 Livius
794 3341 892 3405 primm.
925 3340 1069 3403 According
1085 3348 1109 3390 to

193 3423 235 3474 the
246 3438 363 3473 common
374 3423 524 3485 aeuningen
536 3431 603 3471 must
614 3422 644 3471 be
655 3423 770 3486 supplied
781 3424 844 3473 atter
858 3421 951 3485 Liuius,
962 3438 991 3472 or
1001 3422 1043 3471 the
1054 3435 1106 3470 sen·

192 3514 263 3557 tence
274 3512 341 3554 must
352 3506 382 3555 be
392 3503 538 3554 considered
548 3517 582 3552 un
593 3504 771 3555 anacoluthon.
