2542 4117
209 303 253 371 ⁷4
500 323 638 371 socrus.
681 326 753 369 err.
774 323 843 368 rvr.

209 501 286 545 nere
301 480 433 559 diceret,
444 481 616 547 tractando
633 486 747 545 tamen
763 478 962 564 impellebat,
977 483 1018 541 ut
1032 478 1123 542 idem

210 585 356 651 lacerent
385 606 406 649 a
432 607 468 649 se
497 588 668 666 commoti,
698 584 788 670 quod
815 606 837 649 a
864 583 1015 669 Sulpicio
1047 600 1127 647 cou-

210 692 314 755 citati.
357 690 434 755 203.
466 691 548 756 Fuit
571 693 662 756 enim
691 690 860 775 Sulpicius
891 689 944 752 vel
972 689 1126 752 maxime

210 797 373 875 omnium,
388 818 473 879 quos
488 797 623 880 quidem
640 817 703 882 ego
719 795 911 873 audiverim,
926 794 1061 879 grandis
1081 799 1126 873 et,

210 908 251 966 ut
276 902 326 965 ita
352 902 472 981 dicam,
486 902 632 987 tragicus
661 909 787 965 orator:
809 921 874 963 vox
900 920 979 963 curu
998 920 1125 984 magua

210 1012 287 1070 tum
302 1008 416 1070 suavis
428 1013 462 1070 et
477 1006 668 1092 splendida3
684 1012 798 1092 gestus
811 1011 844 1068 et
856 1011 969 1068 motus
980 1005 1126 1088 corporis

210 1112 260 1176 ita
280 1118 450 1191 venustus,
466 1118 505 1176 ut
525 1118 640 1176 tamen
657 1110 699 1174 ad
715 1112 824 1175 forum
839 1132 906 1174 non
924 1110 967 1173 ad
988 1130 1125 1173 scenam

211 1218 386 1281 institutus
409 1217 589 1297 videretur;
610 1217 753 1280 incitata
767 1222 802 1279 et
822 1216 976 1279 volubilis
999 1236 1062 1278 uec
1084 1234 1127 1277 ea

211 1322 402 1386 redundans
417 1328 530 1386 tamen
547 1342 609 1386 nec
624 1320 856 1385 circumfluens
872 1322 987 1385 oratio.
1030 1320 1126 1384 Cras·

212 1448 288 1491 sum
319 1427 373 1489 hie
401 1426 535 1491 volebat
559 1427 692 1506 imitari,
721 1427 824 1490 Cotta
848 1427 995 1490 malebat
1021 1427 1127 1489 Anto·

213 1533 327 1596 nium:
350 1532 409 1596 sed
431 1535 473 1596 sb
496 1534 562 1596 hoc
576 1533 626 1597 vis
642 1535 757 1596 aberat
781 1532 922 1597 Antonii
947 1532 1060 1595 Crassi
1083 1532 1127 1595 ab

213 1637 271 1701 illo
304 1638 406 1723 lepos.
461 1638 535 1702 204.
568 1638 599 1702 Ο
632 1659 808 1723 magnam,
844 1637 963 1720 inquit,
1001 1633 1126 1700 artem!

214 1742 359 1824 Brutus;
382 1743 410 1807 si
432 1742 568 1827 quidem
590 1743 672 1822 istis,
687 1764 764 1807 curn
782 1743 907 1806 summi
925 1746 1037 1805 essent
1057 1761 1128 1803 ora·

213 1853 310 1928 tores,
339 1870 425 1932 quae
457 1870 509 1913 res
539 1849 718 1926 maximae,
750 1841 853 1911 altera
887 1846 980 1910 alteri
1011 1844 1128 1909 defuit.

215 1953 311 2018 LVI.
336 1955 447 2037 Atque
477 1954 511 2017 iu
538 1954 590 2017 his
610 1954 794 2017 oratoribus
816 1951 898 2017 illud
921 1950 1129 2015 animadver-

213 2058 353 2123 tendum
376 2063 428 2121 est
450 2078 548 2142 posse
563 2079 635 2121 esse
652 2077 813 2136 summos,
828 2057 887 2140 qui
908 2057 993 2119 inter
1009 2077 1045 2119 se
1061 2056 1130 2119 sint

214 2161 402 2226 dissimiles.
437 2162 527 2226 Nihil
543 2164 632 2226 enim
645 2169 715 2226 tarn
729 2161 889 2226 dissimile
904 2181 1006 2244 quarn
1026 2161 1130 2226 Cotta

217 2266 377 2351 Sulpicio,
393 2266 451 2330 et*
471 2272 608 2350 uterque
631 2268 828 2351 aequalibus
851 2267 921 2330 suis
945 2266 1129 2351 plurimum

214 2371 388 2456 praestitit
435 2370 549 2450 Quare
574 2373 638 2436 hoc
668 2372 812 2435 doctoris
836 2371 1053 2456 intelligentis
1078 2378 1131 2435 est

214 2473 333 2554 videre,
348 2497 416 2559 quo
437 2476 520 2540 serat
535 2483 654 2540 natura
669 2498 730 2541 sua
746 2498 923 2560 quemque,
938 2484 973 2540 et
987 2499 1028 2541 ea
1043 2478 1131 2542 duce

214 2586 366 2643 utentem
391 2582 438 2645 sic
460 2582 641 2661 instituere,
657 2588 695 2645 ut
718 2582 897 2646 isocratem
911 2583 947 2646 in
970 2584 1131 2647 acerrimo

214 2687 350 2772 ingenio
375 2687 585 2773 Theopompi
609 2694 644 2752 et
666 2687 838 2751 lenissimo
859 2688 984 2773 Ephori
1006 2688 1131 2753 dixisse

214 2794 375 2858 traditum
405 2800 457 2857 est
489 2794 583 2858 alteri
612 2815 648 2858 se
678 2794 820 2858 calcaria
850 2794 1003 2858 adhibere
1036 2794 1132 2858 alteri

214 2897 332 2963 frenos.
385 2898 459 2962 205.
488 2899 631 2984 Sulpicii
661 2900 826 2962 orationes
856 2920 943 2982 quae
971 2898 1132 2979 feruntur,

216 3025 273 3068 ess
297 3009 373 3090 post
394 3010 534 3068 mortem
551 3005 623 3087 ejus
638 3004 805 3088 scripsisse
823 3004 859 3068 P.
879 3005 1045 3068 Canutius
1069 3026 1132 3090 pu·

215 3116 307 3175 tatur
322 3111 471 3194 aequalis
483 3131 588 3188 meus,
601 3110 701 3173 homo
712 3116 803 3171 extra
817 3116 967 3173 nostrum
979 3108 1131 3174 ordinem

216 3236 293 3280 meo
311 3216 438 3302 judicio
461 3216 706 3280 disertissimus.
754 3216 862 3300 lpsius
881 3214 1021 3300 Sulpicii
1037 3215 1133 3279 nulla

217 3322 322 3384 oratio
348 3328 416 3385 est:
438 3341 606 3404 saepeque
629 3342 669 3383 ex
690 3341 731 3383 eo
754 3320 877 3399 audivi,
892 3342 971 3384 cum
994 3341 1029 3383 se
1054 3320 1133 3383 scri·

479 3542 493 3568 “
508 3542 660 3593 Lambinus:
675 3551 708 3592 at.
736 3542 815 3594 Sese.
827 3546 867 3592 29.
