2542 4117
239 284 283 350 30
513 306 649 349 usurus.
694 307 765 350 oar.
789 308 873 350 xxrr.

243 459 392 523 Causam
415 480 472 545 pro
496 459 683 544 publicanis
706 468 868 541 accurate,
884 467 923 524 ut
946 483 1079 546 semper
1101 484 1156 526 so·

237 563 319 629 litus
340 572 436 644 esset,
459 565 692 649 eleganterque
708 566 832 629 dixisse
849 566 1015 630 Laelium.
1063 569 1155 631 Cum

238 670 392 733 consules
414 690 448 732 re
471 669 587 732 audita
610 671 747 749 amplius
771 671 812 733 de
832 671 962 734 consilii
984 674 1157 736 sententia

238 775 550 860 pronuntiavissent,
581 775 697 858 paucis
719 776 922 860 interpositis
948 776 1069 841 diebus
1092 779 1156 839 ite·

237 900 311 944 rum
330 879 483 942 Laelium
497 878 603 942 multo
617 879 809 964 diligentius
822 880 1005 963 meliusque
1017 881 1155 961 dixisse,

237 984 424 1067 iterumque
447 982 564 1046 eodem
592 984 694 1046 modo
721 1005 742 1047 a
767 985 959 1049 consulibus
984 1007 1053 1050 rem
1079 1008 1155 1050 esse

238 1089 411 1174 prolatam.
448 1088 538 1151 Tum
555 1087 720 1167 Laelium,
732 1110 810 1152 cum
822 1110 900 1152 eum
913 1090 995 1153 socii
1009 1090 1154 1154 domum

237 1193 444 1257 reduxissent
430 1193 676 1278 tegisscntque
698 1194 832 1278 gratias,
860 1200 903 1273 et,
927 1214 969 1257 ne
990 1192 1154 1279 defatiga-

237 1307 334 1379 retur,
357 1301 549 1378 oravissent
526 1299 713 1363 tlocutum
742 1320 813 1363 esse
838 1301 890 1368 ita
900 1322 977 1380 se,
995 1322 1082 1384 quae
1105 1303 1154 1365 fe·

238 1406 347 1484 cisset,
363 1405 495 1468 honoris
510 1425 623 1467 eorum
648 1426 750 1468 causa
765 1381 913 1468 situdiose
932 1413 1152 1490 accurateque

237 1508 372 1589 fecisse3
402 1509 460 1573 sed
492 1530 526 1572 se
557 1510 704 1572 arbitrari
734 1531 873 1573 causam
903 1510 994 1573 illam
1026 1532 1047 1573 a
1081 1511 1153 1575 Ser.

241 1614 360 1693 Galba,
393 1614 525 1697 quod
517 1636 545 1677 1s
577 1615 624 1702 ip
647 1612 787 1680 dicendo
821 1616 950 1700 gravior
971 1595 1152 1699 acriorque

238 1726 336 1799 esset,
352 1741 485 1805 gravius
500 1725 534 1782 e
520 1683 733 1782 tveliement'
712 1723 778 1800 trus
794 1740 891 1803 posse
906 1720 1048 1784 defendi.
1084 1722 1151 1784 Ita·

238 1845 303 1908 quc
327 1826 523 1889 auctoritate
490 1824 579 1888 tc.
598 1823 707 1886 Laelii
724 1824 918 1908 publicanos
934 1847 1070 1889 causam
1095 1827 1151 1890 de·

237 1931 353 1994 tulisse
378 1931 421 1994 ad
448 1929 603 1993 Galbam.
648 1927 699 1990 87.
724 1927 822 1992 Illum
847 1936 971 2009 autem,
997 1930 1088 2013 quod
1117 1932 1151 1994 ei

238 2036 307 2098 viro
331 2032 576 2098 succedendum
600 2038 697 2112 esset,
712 2034 895 2097 verecunde
911 2040 945 2097 et
959 2035 1151 2099 dubitanter

236 2139 407 2223 recepisse.
464 2136 578 2200 Unum
609 2138 708 2220 quasi
737 2139 1049 2222 comperendinatus
1080 2162 1149 2203 mc·

238 2243 331 2307 dium
355 2242 444 2306 diem
466 2239 578 2322 luisse,
593 2264 695 2325 quem
719 2249 828 2307 totum
847 2243 992 2307 Galbam
1014 2246 1050 2307 in
1073 2266 1150 2309 con·

237 2346 414 2414 sideranda
447 2367 549 2410 causa
583 2349 881 2433 componendaque
914 2350 1083 2433 posuisse:
1116 2356 1151 2414 et

238 2474 316 2517 cum
328 2453 528 2537 cognitionis
543 2453 613 2516 dies
626 2460 723 2532 essct,
735 2461 769 2517 et
783 2454 854 2538 ipsc
869 2453 1014 2518 Rutilius
1028 2462 1149 2539 rogatu

239 2559 403 2622 sociomm
426 2557 565 2620 domum
587 2557 630 2622 ad
656 2557 800 2621 Galbam
825 2579 922 2621 mane
941 2560 1093 2638 venisset,
1109 2566 1149 2623 ut

238 2679 315 2727 eum
333 2663 566 2741 admoneret,e
568 2662 647 2725 tad
667 2662 799 2726 dicendi
814 2669 946 2748 tempus
962 2662 1148 2743 adduceret,

236 2790 345 2851 usque
366 2768 471 2847 illum,
487 2765 599 2850 quoad
623 2768 654 2829 ei
678 2768 869 2830 nuntiatum
886 2773 973 2830 esset
994 2768 1148 2831 consules

238 2873 457 2950 descendisse,
479 2871 636 2933 omnibus
659 2871 800 2934 exclusis
824 2874 1120 2935 commentatum
1110 2895 1145 2937 ιιι

237 2978 384 3064 quadam
402 2975 566 3040 testudine
583 2996 660 3038 oum
677 2977 776 3038 servis
791 2975 829 3039 lit
816 2977 927 3039 teratis
943 2975 1054 3055 luisse,
1066 2999 1147 3059 quo·

235 3106 311 3149 rum
342 3082 399 3147 alii
429 3080 520 3145 aliud
549 3080 672 3144 dictare
702 3079 820 3142 eodem
850 3085 999 3164 tempore
1030 3081 1146 3145 solitus

236 3194 333 3253 esset.
379 3186 515 3251 interim
537 3206 614 3248 cum
635 3190 723 3247 essct
743 3183 773 3246 ei
796 3185 990 3247 nuntiatum
1012 3191 1164 3270 tempus⁴

236 3315 318 3373 esse,
339 3293 444 3355 exisse
470 3291 506 3353 in
533 3289 698 3353 aedcs‘eo
721 3288 828 3352 colore
851 3294 886 3352 et
909 3290 949 3352 iis
969 3289 1084 3369 oculis,
1107 3298 1147 3355 ut

235 3400 343 3483 egisse
366 3415 503 3460 causam
524 3415 591 3456 non
615 3399 879 3457 commentatum
907 3400 1047 3478 putares.
1092 3395 1146 3460 88.

237 3503 392 3567 Addebat
414 3500 526 3579 etiam,
542 3498 641 3581 idque
664 3499 707 3563 ad
730 3521 797 3563 rem
814 3500 974 3583 pertinere
996 3502 1146 3584 putabat,
