2542 4117
179 261 222 328 20
469 281 606 324 uacuus.
652 281 722 325 ene.
745 281 802 324 xv.

179 441 271 501 tant
290 434 379 499 euim
400 433 472 519 jam
487 433 625 517 quidam
642 438 798 513 oratores,
813 454 881 498 non
902 433 1097 517 loquuntur.

183 539 252 607 Sed
267 551 318 604 est
333 560 374 603 ea
389 538 465 602 laus
481 538 690 621 eloquentiae
707 544 794 602 certe
811 539 975 603 maxima:

386 661 413 710 Ie
424 661 504 710 dictus
516 660 572 710 ollis
584 659 744 724 popularibus
755 661 824 721 olim,

277 742 327 805 Qui
338 750 391 793 tum
402 742 519 792 vivebant
530 742 651 805 homines,
662 750 736 807 atque
747 757 838 792 aevum
849 742 983 807 agitabunt,

276 824 337 875 Flos
348 824 470 875 delibutus
481 823 569 887 populi

182 927 282 1011 probe
311 945 397 987 vero.
452 922 504 986 59.
538 922 587 986 Ut
620 922 711 985 enim
741 922 886 986 hominis
915 922 1015 987 decus
1046 924 1099 986 in·

182 1031 330 1117 genium,
345 1029 393 1093 sic
414 1028 541 1113 ingenii
563 1028 669 1111 ipsius
684 1027 799 1091 lumen
822 1034 873 1091 est
895 1028 1099 1111 eloquentia,

184 1157 251 1218 qua
262 1136 369 1198 virum
382 1133 595 1197 excellentem
612 1132 776 1217 praeclare
791 1139 865 1197 tum
879 1132 928 1197 illi
942 1133 1098 1197 homines

184 1239 298 1305 florem
313 1238 429 1325 populi
444 1259 516 1301 esse
531 1237 702 1317 dixerunt3

497 1359 646 1424 Suadaeque
662 1358 780 1408 medulla

183 1482 270 1537 Πειθώ
295 1497 398 1560 quam
431 1483 553 1539 vocant
589 1476 719 1555 Graeci,
756 1476 852 1561 cujus
884 1476 1015 1540 effector
1045 1484 1100 1542 est

186 1588 302 1661 orator,
333 1581 419 1645 hanc
456 1580 598 1645 Suadam
628 1580 808 1666 appellavit
838 1581 989 1662 Ennius3
1023 1583 1099 1666 ejus

186 1692 300 1750 autem
320 1687 507 1771 Cethegum
523 1684 702 1748 medullam
718 1684 820 1748 luisse
834 1685 915 1764 vult,
930 1692 977 1765 ut,
993 1708 1098 1768 quam

186 1791 285 1855 deam
312 1791 346 1854 in
373 1791 489 1854 Pericli
514 1791 614 1853 labris
640 1791 770 1875 scripsit
795 1790 936 1875 Eupolis
967 1792 1099 1855 sessita-

186 1896 282 1975 visse,
317 1896 417 1981 hujus
450 1896 504 1959 hic
533 1893 716 1959 medullam
751 1901 899 1959 nostrum
933 1902 1098 1959 oratorem

186 1999 289 2065 luisse
304 2000 429 2063 dixerit.
474 1999 526 2062 60.
551 2000 597 2063 At
619 1999 673 2062 hic
698 1999 866 2086 Cethegus
881 2000 997 2064 consul
1019 2021 1098 2064 cum

190 2105 227 2169 P.
245 2104 416 2169 Tuditano
431 2102 496 2168 suit
512 2103 597 2167 bello
615 2103 742 2167 Punico
758 2105 914 2184 secundo,
930 2113 1098 2188 quaestor-

189 2232 254 2296 que
279 2210 330 2273 his
356 2207 547 2274 consulibus
577 2207 621 2272 M.
644 2209 730 2273 Cato
754 2210 854 2273 modo
879 2210 976 2296 plane
1001 2210 1098 2274 annis

189 2338 254 2380 oxi.
276 2319 354 2379 ante
377 2335 431 2378 me
454 2312 645 2377 consulem:
668 2320 702 2377 et
722 2315 758 2378 id
780 2315 890 2399 ipsum
911 2316 976 2378 nisi
997 2317 1098 2379 unius

189 2427 277 2484 esset
299 2418 402 2484 Ennii
423 2418 618 2483 testimonio
641 2420 823 2504 cognitum,
839 2421 927 2484 hunc
948 2427 1099 2484 vetustas

189 2531 228 2590 ut
243 2525 324 2589 alios
336 2525 474 2589 fortasse
486 2523 611 2587 multos
624 2523 789 2587 oblivione
801 2525 972 2589 obruisset.
1007 2525 1099 2589 illius

190 2637 303 2695 autem
320 2630 441 2693 aetatis
456 2629 515 2712 qui
530 2649 638 2692 sermo
653 2628 760 2708 fuerit,
772 2650 812 2691 ex
825 2629 1008 2694 Naevianis
1024 2631 1099 2694 scri·

190 2735 256 2821 ptis
278 2733 418 2818 intelligi
441 2739 559 2817 potest.
606 2733 671 2797 His
686 2735 775 2797 enim
791 2734 991 2815 consulibus,
1006 2742 1045 2798 ut
1062 2736 1099 2798 in

189 2840 355 2902 veteribus
369 2838 613 2902 commentariis
631 2840 788 2923 scriptum
810 2847 869 2919 est,
886 2840 1033 2904 Naevius
1048 2846 1101 2905 est

191 2950 360 3010 mortuus:
387 2963 593 3026 quamquam
620 2942 727 3006 Varro
749 2950 867 3024 noster,
889 2943 1101 3030 diligentissi-

191 3071 267 3116 mus
288 3049 503 3134 investigator
525 3048 743 3130 antiquitatis,
759 3055 856 3132 putat
876 3051 911 3113 in
934 3050 995 3113 hoe
1018 3072 1101 3114 erra·

119 3151 122 3166 '
191 3162 275 3234 tum,
299 3155 472 3236 vitamque
499 3152 619 3216 Naevii
643 3153 794 3237 producit
821 3154 962 3239 longius.
1009 3155 1101 3219 Nam

87 3337 91 3346 .
193 3259 333 3324 Plautus
350 3257 385 3321 P.
410 3257 551 3321 Claudio
569 3257 608 3321 L.
626 3257 741 3321 Porcio
763 3260 883 3344 viginti
905 3261 1001 3323 annis
1025 3267 1103 3345 post

90 3373 92 3380 “
191 3361 275 3442 illos,
291 3383 375 3445 quos
390 3368 468 3425 ante
484 3361 562 3441 dixi,
577 3363 769 3428 consulibus
790 3370 940 3430 mortuus
961 3372 1012 3430 est
1036 3366 1102 3430 Ca·

113 3541 123 3560 .
191 3473 271 3535 tone
286 3487 428 3533 censore.
