2542 4117
226 282 270 351 92
503 307 639 354 saunas.
684 311 754 356 aar.
777 310 847 355 axx

225 478 366 542 rumque
397 459 450 525 vel
481 461 596 527 honori
625 462 678 526 vel
709 462 852 549 periculo
882 464 1010 528 servire.
1063 463 1143 528 243.
1251 417 1253 514 l

228 562 292 630 His
307 566 397 628 enim
412 568 509 630 rebus
524 566 641 631 infimo
665 568 739 632 loco
763 575 862 632 natus
885 575 919 632 et
941 570 1082 632 honores
1107 574 1143 632 et
1251 573 1252 588 ³

227 671 404 755 pecuniam
427 677 462 735 et
483 673 626 757 gratiam
649 680 848 737 consecutus
864 675 965 737 etiarn
982 675 1017 737 in
1035 679 1144 758 patro·

228 794 346 839 norum
364 776 434 839 sine
450 776 598 841 doctrina
613 778 685 840 siue
701 779 836 863 iugenio
856 779 1000 860 aliquem
1025 800 1143 842 nume·

227 900 301 944 rum
335 888 534 965 pervenerat.
591 882 659 946 Sed
690 890 729 946 ut
762 883 891 968 pugiles
924 883 1142 962 inexercitati,

229 986 362 1049 etiamsi
392 1007 522 1071 pugnos
553 992 587 1051 et
613 987 730 1072 plagas
764 987 996 1073 Olympiorum
1026 987 1144 1072 cupidi

228 1089 309 1154 ferre
333 1099 480 1175 possunt,
497 1092 600 1156 solem
622 1099 737 1156 tamen
760 1114 860 1178 saepe
882 1092 962 1156 serre
977 1114 1045 1156 non
1067 1113 1143 1176 pos·

229 1203 326 1275 sunu
349 1198 396 1260 sic
418 1195 484 1276 ille,
508 1218 586 1262 cum
611 1198 704 1261 omni
730 1198 802 1281 jam
828 1197 961 1261 fortuna
989 1216 1143 1281 prospere

229 1303 365 1366 iunctus
394 1302 521 1366 labores
553 1304 657 1366 etiam
690 1324 833 1387 magnos
863 1302 1057 1386 excepisset,
1084 1300 1145 1364 illi·

229 1427 270 1470 us
289 1407 457 1491 judicialis
485 1408 566 1473 anni
591 1408 800 1471 severitatem
822 1408 919 1490 quasi
942 1407 1048 1470 solem
1074 1425 1145 1470 non

229 1510 315 1578 tulit.

274 1615 348 1679 244.
374 1615 464 1681 Tum
493 1616 635 1696 Atticus,
660 1617 714 1680 Tu
740 1616 876 1699 quidem
901 1615 943 1678 de
969 1616 1073 1693 faece,
1094 1615 1146 1678 in·

229 1722 313 1804 quit,
329 1722 439 1786 hauris
454 1722 555 1805 idque
567 1722 785 1806 jamdudum:
809 1721 867 1784 sed
884 1722 1057 1800 tacebam3
1080 1721 1147 1788 hoc

231 1847 309 1891 vero
335 1849 402 1891 non
430 1830 590 1911 putabam
614 1834 648 1891 te
669 1848 775 1909 usque
792 1826 835 1890 ad
853 1825 1009 1890 Staienos
1024 1832 1059 1889 et
1076 1820 1167 1889 Au?

231 1932 357 1997 tronios
381 1953 453 1995 csse
478 1938 663 1995 venturum.
709 1931 786 1995 Non
810 1937 901 2015 puto,
917 1931 1068 2013 inquam,
1091 1951 1147 1993 cx·

230 2036 379 2100 istimare
406 2041 439 2098 te
467 2036 649 2099 ambitione
672 2057 727 2099 me
749 2035 828 2115 labi,
850 2035 973 2120 quippe
996 2035 1039 2098 dc
1061 2055 1147 2098 mor-

231 2140 318 2204 tuis:
342 2139 400 2202 sed
423 2139 571 2204 ordinem
595 2161 737 2223 sequens
755 2141 791 2204 in
806 2142 1003 2204 memoriam
1028 2146 1147 2206 notam

232 2249 267 2307 et
282 2244 458 2326 aequalem
472 2245 656 2309 necessario
668 2246 807 2309 incurro.
846 2244 934 2309 Volo
950 2252 1066 2308 autem
1083 2245 1148 2309 hoc

233 2349 372 2433 perspici
395 2350 550 2414 omnibus
572 2352 779 2433 conquisitis,
794 2350 853 2433 qui
870 2352 906 2414 in
929 2350 1148 2414 multitudine

231 2453 339 2517 dicere
356 2454 430 2517 ausi
445 2456 520 2534 sint,
537 2456 698 2519 memoria
713 2456 849 2538 quidem
864 2455 984 2540 dignos
1006 2476 1147 2539 perpau-

233 2580 299 2637 oos,
317 2580 429 2623 verum
444 2560 503 2643 qui
518 2561 656 2624 omnino
673 2581 795 2623 nomeu
812 2561 995 2638 habuerint,
1012 2560 1146 2624 nonita

234 2664 358 2729 multos
388 2663 499 2729 fuisse.
557 2664 625 2729 Sed
659 2666 701 2728 ad
736 2686 922 2729 sermonem
952 2665 1147 2730 institutum

233 2775 439 2835 revertamur.
486 2768 592 2834 Lxx„
635 2770 708 2834 245.
735 2769 773 2833 Τ.
791 2770 981 2852 Torquatus
1000 2769 1038 2833 Τ.
1058 2769 1098 2833 F.
1113 2774 1147 2834 et

234 2873 352 2937 doctus
368 2876 416 2936 vir
431 2894 470 2935 ex
487 2872 619 2938 Rhodia
642 2875 817 2959 disciplina
841 2874 986 2938 Molonis
1002 2880 1036 2937 et
1052 2895 1073 2937 a
1090 2895 1148 2938 na·

233 2985 309 3045 tura
328 2979 377 3043 ¹ad
398 2979 576 3044 dicendum
593 2981 674 3043 satis
695 2980 823 3044 solutus
848 2986 949 3062 atquc
971 2979 1146 3063 expeditus

235 3085 306 3171 (oui
329 3085 356 3148 si
379 3086 448 3149 vita
470 3085 757 3170 suppeditavisset,
773 3085 904 3149 sublato
920 3085 1050 3148 ambitu
1070 3105 1148 3148 con·

235 3189 287 3253 sul
310 3190 418 3253 factus
434 3191 534 3275 esset)
553 3190 626 3273 plus
649 3190 817 3253 facultatis
840 3191 957 3253 habuit
976 3189 1021 3252 ad
1037 3188 1148 3252 dicen·
1239 3245 1241 3252 .

234 3294 315 3358 dum
341 3315 443 3377 quam
466 3295 656 3359 voluntatis.
702 3296 820 3378 Itaque
843 3296 954 3360 studio
977 3295 1055 3358 huic
1079 3316 1148 3358 non

235 3400 414 3463 satisfecit:
445 3398 555 3462 officio
582 3421 657 3463 vero
684 3423 744 3464 nec
769 3402 805 3464 in
832 3422 968 3464 suorum
997 3421 1148 3463 neccssa-

234 3502 357 3565 riorum
379 3506 488 3568 causis
512 3505 629 3568 necin
652 3507 818 3570 sententia
842 3506 1008 3569 senatoria
1031 3503 1148 3574 deluit
