2542 4117
375 337 510 383 saurus.
555 341 625 384 car.
649 341 769 385 xxxrx.
993 321 1035 388 51

109 493 185 556 bus
201 496 387 576 aptumque
403 513 481 556 cum
506 494 549 557 ad
572 493 674 558 fidem
695 493 883 559 faciendam
897 502 971 561 tum
993 496 1037 561 ad

113 597 386 661 misericordiam
407 599 704 679 commovendam3
727 605 894 664 ut‘verum
916 600 1037 665 videre·

113 708 177 766 tur
205 702 240 764 in
267 702 330 765 boc
351 701 444 781 illud,
465 703 555 786 quod
577 704 840 769 Demosthenem
861 706 971 769 ferunt
996 707 1038 786 ei,

115 809 184 892 qui
207 809 434 891 quaesivisset,
449 809 529 892 quid
551 811 696 896 primum
719 817 806 875 esset
831 812 1039 891 indicendo,

116 914 312 992 actionem3
334 913 414 996 quid
430 915 625 995 secundum,
640 916 729 979 idem
745 923 780 979 et
798 916 888 980 idem
905 918 1039 981 tertium

117 1018 346 1103 respondisse.
393 1018 497 1083 Nulla
517 1040 569 1084 res
593 1021 702 1105 magis
728 1027 879 1105 penetrat
907 1023 942 1084 in
969 1022 1041 1084 ani·

120 1144 213 1202 mos,
236 1143 359 1206 eosque
383 1121 480 1209 fingit
505 1121 627 1187 format
649 1123 771 1205 flectit;
793 1125 942 1209 talesque
971 1147 1041 1189 ora·

119 1234 216 1292 tores
231 1227 334 1291 videri
348 1226 436 1308 lacit,
452 1227 567 1311 quales
582 1229 648 1314 ipsi
663 1250 698 1292 se
713 1230 816 1293 videri
832 1230 956 1294 volunt

172 1332 249 1397 143.
272 1332 362 1396 Huic
383 1332 441 1396 alii
464 1354 576 1418 parem
600 1355 673 1397 esse
693 1334 857 1415 dicebant,
872 1334 928 1399 alii
951 1342 1043 1399 ante·

123 1439 300 1523 ponebant
316 1436 354 1500 L
369 1437 537 1501 Crassum.
578 1438 663 1502 Illud
679 1439 814 1522 quidem
826 1447 912 1504 certe
925 1462 1044 1504 omnes

123 1544 179 1605 ita
191 1542 387 1625 judicabant
403 1543 573 1606 neminem
589 1564 671 1621 esse,
682 1545 741 1626 qui
756 1544 872 1608 horum
889 1545 1044 1610 alterutro

125 1652 273 1733 patrono
295 1646 495 1729 cujusquam
516 1648 690 1732 ingenium
712 1650 895 1731 requireret.
941 1650 1046 1733 Equi·

127 1751 209 1815 dem
222 1772 430 1834 quamquam
446 1752 594 1815 Antonio
604 1758 737 1815 tantum
750 1755 868 1832 tribuo,
880 1760 1044 1835 quantum

122 1878 233 1941 ‘supra
257 1855 334 1936 dixi,
348 1862 463 1919 tamen
490 1857 611 1920 Crasso
633 1856 715 1921 nihil
730 1863 842 1921 statuo
857 1855 927 1920 fieri
950 1864 1046 1942 potu·

128 1963 198 2026 isse
214 1960 398 2046 perfectius
443 1961 526 2025 Erat
541 1983 676 2025 summa
691 1962 855 2047 gravitas:
878 1969 947 2025 erat
967 1983 1045 2025 cum

130 2067 295 2153 gravitate
319 2067 455 2149 junctus
477 2065 673 2131 facetiarum
700 2074 734 2130 et
757 2067 955 2131 urbanitatis
978 2089 1048 2131 ora·

130 2172 237 2237 torius
253 2193 321 2235 non
336 2171 477 2235 scurrilis
499 2172 610 2257 lepos:
634 2171 756 2235 Latine
772 2173 929 2255 loquendi
952 2194 1049 2236 accu-

131 2283 206 2342 rata
227 2283 261 2341 et
284 2278 355 2340 sine
378 2276 531 2340 molestia
554 2275 695 2362 diligens
720 2277 904 2361 elegantia:
926 2278 962 2341 in
984 2278 1049 2341 dis·

133 2382 272 2446 serendo
295 2382 380 2445 mira
404 2381 598 2465 explicatio:
621 2403 699 2445 cum
715 2382 757 2444 de
776 2383 849 2466 jure
865 2382 952 2446 civili
967 2404 1045 2446 cum

133 2489 177 2552 de
193 2508 301 2570 aequo
317 2492 352 2550 et
365 2488 454 2550 bono
478 2486 709 2570 disputaretur,
725 2493 995 2571 argumentorum
1016 2492 1050 2551 et

136 2590 394 2656 similitudinum
420 2591 526 2674 copia.
581 2590 742 2654 XXXIX.
788 2590 860 2654 144.
893 2591 982 2654 Nam
1011 2597 1050 2655 ut

139 2697 308 2761 Antonius
324 2696 513 2780 conjectura
526 2694 691 2757 movenda
707 2703 767 2757 aut
782 2694 929 2758 sedanda
945 2696 1050 2780 suspi-

138 2803 233 2867 cione
259 2805 320 2864 aut
342 2798 520 2863 excitanda
545 2799 771 2862 incredibilem
801 2800 869 2863 vim
897 2800 1050 2879 habebat,

139 2906 186 2971 sic
207 2906 243 2969 iu
266 2905 511 2990 interpretando
531 2904 567 2967 in
585 2902 775 2967 definiendo
797 2904 832 2968 in
854 2904 1050 2988 explicanda

139 3010 307 3093 aequitate
323 3009 405 3073 nihil
420 3013 491 3072 erat
508 3008 628 3072 Crasso
644 3008 828 3092 copiosius:
850 3008 951 3089 idque
972 3028 1051 3071 cum

140 3138 240 3201 saepe
263 3114 345 3179 alias
368 3120 444 3178 tum
467 3113 557 3198 apud
580 3112 802 3176 centumviros
823 3112 858 3174 in
877 3111 935 3175 Μ’.
959 3111 1052 3174 Curii

140 3242 242 3286 causa
268 3219 441 3305 cognitum
467 3225 527 3281 est.
572 3216 646 3281 145.
671 3217 723 3279 Ita
738 3216 828 3278 enim
849 3215 956 3279 multa
977 3222 1052 3280 tum

142 3332 256 3392 contra
272 3325 430 3409 scriptum
443 3344 501 3409 pro
514 3343 621 3406 aequo
638 3326 672 3384 et
686 3323 775 3384 bono
790 3320 883 3401 dixit,
894 3326 933 3384 ut
948 3322 1053 3385 homi·

143 3451 219 3496 nem
242 3429 476 3493 acutissimum
506 3425 548 3504 Q.
576 3425 774 3490 Scaevolam
800 3431 834 3490 et
858 3427 894 3489 in
914 3426 997 3510 jure,
1017 3427 1054 3490 in

144 3557 208 3622 quo
223 3535 281 3600 illa
296 3556 407 3600 causa
421 3535 617 3613 vertebatur,
632 3531 883 3618 paratissimum
905 3534 1056 3597 obmeret
