2542 4117
227 322 291 388 128
494 342 628 388 saurus.
673 343 745 387 cnr.
769 343 859 388 xcvi.

224 518 303 562 cum
328 498 467 562 incitata
491 503 524 562 ct
546 498 677 561 vibrans
699 502 773 561 tum
796 498 898 562 etiam
921 504 1079 563 accurata
1102 504 1139 564 et

224 602 340 687 polita.
387 602 463 667 Nou
493 605 714 687 probabantur
738 602 821 666 haec
847 604 1001 684 senibus3
1034 626 1137 689 saepe

224 707 379 771 videbam
402 728 479 772 curu
503 708 691 771 irridentem
713 714 787 771 turn
811 708 913 772 etiam
936 710 1137 773 irascentem

224 818 260 877 ct
292 814 558 877 stomachantem
594 812 803 896 Philippum:
835 812 893 876 scd
930 814 1137 877 mirabantur

225 918 459 997 adolescentes,
487 916 668 981 multitudo
690 920 894 981 movebatur.
938 917 1013 981 327.
1050 918 1137 982 Erat

224 1023 385 1087 excellens
409 1022 534 1107 judicio
555 1022 714 1107 vulgi,.et
735 1021 831 1085 facile
855 1022 978 1107 primas
998 1026 1137 1087 tenebat

223 1127 425 1193 adolescens.
460 1128 535 1191 Etsi
550 1129 640 1191 enim
655 1149 761 1212 genus
775 1127 857 1191 illud
873 1127 1005 1191 dicendi
1021 1135 1135 1192 aucto·

222 1233 329 1297 ritatis
352 1233 496 1296 habebat
517 1253 644 1316 pamm,
665 1239 778 1296 tamen
802 1238 919 1316 aptum
935 1254 1008 1295 esse
1031 1234 1135 1296 aetati

222 1337 412 1402 videbatur:
440 1343 474 1400 et
503 1344 599 1416 certe,
626 1337 717 1419 quod
746 1342 780 1399 et
808 1337 936 1422 ingenii
965 1337 1134 1421 quaedam

223 1440 330 1506 forma
365 1441 507 1521 lucebat,
544 1447 578 1504 et
614 1442 847 1504 exercitatione
884 1442 1030 1526 perfecta
1063 1449 1136 1507 erat

222 1549 461 1629 verborumque
492 1545 649 1609 adstricta
676 1546 935 1630 comprehensio,
962 1568 1134 1611 summam

223 1651 398 1716 hominum
411 1651 664 1715 admirationem
676 1652 851 1713 excitabat
887 1649 954 1714 Sed
969 1672 1047 1715 curn
1060 1653 1133 1735 jam

224 1756 363 1821 honores
378 1763 412 1819 et
426 1756 482 1820 illa
497 1756 604 1819 senior
627 1755 806 1819 auctoritas
822 1756 955 1839 gravius
971 1756 1132 1839 quiddam

221 1864 405 1945 requireret,
430 1862 622 1925 remanebat
643 1859 744 1939 idem,
770 1880 831 1922 nec
855 1859 995 1924 decebat
1023 1860 1133 1925 idem:

222 1970 378 2053 quodque
408 1967 674 2031 exercitationem
706 1964 922 2049 studiumque
952 1966 1134 2047 dimiserat,

222 2074 313 2158 quod
344 2076 379 2138 in
409 2094 448 2137 eo
477 2072 585 2136 suerat
608 2071 813 2149 acerrimum,
838 2072 1045 2134 concinnitas
1075 2072 1134 2136 illa

221 2180 440 2261 crebritasque
463 2176 701 2241 sententiarum
724 2175 861 2259 pristina
883 2178 1052 2256 manebat,
1073 2177 1133 2241 sed

222 2305 264 2348 ea
287 2285 410 2347 vestitu
432 2281 487 2344 illo
504 2281 670 2359 orationis,
685 2301 752 2362 quo
774 2287 998 2360 consueverat,
1014 2289 1132 2347 ornata

221 2409 288 2452 non
314 2393 392 2450 erat.
437 2385 512 2449 Hoc
535 2386 596 2449 tibi
619 2384 684 2464 ille,
715 2385 827 2463 Brute,
854 2386 964 2448 minus
990 2387 1131 2452 fortasse

220 2494 356 2580 placuit,
386 2513 488 2576 quam
522 2491 709 2576 placuisset,
740 2491 768 2554 si
802 2489 898 2554 illum
931 2490 1129 2577 flagrantem

221 2598 333 2663 studio
360 2604 394 2662 et
419 2596 590 2661 florentem
621 2594 781 2658 facultate
811 2595 924 2659 audire
954 2598 1129 2681 potuisses.

223 2704 351 2769 XCVI.
395 2701 467 2766 328.
492 2700 740 2780 Tum'Brutus,
757 2700 831 2785 Ego
854 2721 940 2780 vero,
961 2703 1131 2785 inquitet

219 2810 295 2888 ista,
311 2830 396 2891 quae
413 2808 504 2885 dicis,
521 2805 625 2885 video,
641 2806 755 2888 qualia
771 2806 845 2885 sint,
861 2812 895 2869 et
912 2806 1130 2873 Hortensium

220 2933 383 3000 magnum
415 2917 577 2976 oratorem
608 2932 737 2995 semper
763 2911 887 2995 putavi,
916 2913 1130 2996 maximeque

220 3020 356 3106 probavi
378 3039 435 3103 pro
463 3016 610 3080 Messala
632 3015 807 3095 dicentem,
822 3037 900 3079 curn
920 3021 960 3080 tu
982 3018 1129 3083 abfuisti.

223 3125 282 3190 Sic
301 3124 418 3201 ierunt,
433 3123 580 3205 inquam,
596 3120 696 3203 idque
715 3119 860 3184 declarat
881 3121 1031 3201 totidem,
1047 3130 1130 3205 quot

220 3230 312 3308 dixit,
328 3235 366 3292 ut
388 3228 490 3306 aiunt,
506 3227 627 3310 scripta
644 3225 749 3288 verbis
772 3226 885 3289 oratio.
931 3226 1021 3312 Ergo
1036 3227 1091 3292 ille
1108 3251 1129 3293 a

224 3336 343 3400 Crasso
366 3331 500 3397 consule
524 3336 559 3394 et
586 3329 748 3394 Scaevola
769 3350 875 3413 usque
899 3330 944 3394 ad
971 3332 1129 3398 Paullum

219 3449 254 3505 et
273 3439 465 3505 Marcellum
480 3435 631 3500 consules
648 3434 774 3499 floruit:
798 3456 858 3499 nos
873 3437 908 3500 in
923 3437 1042 3501 eodem
1058 3461 1129 3504 cur·

221 3566 261 3608 su
283 3545 407 3608 suimus
423 3565 444 3608 a
461 3542 555 3607 Sulla
571 3541 731 3605 dictatore
746 3540 791 3604 ad
805 3540 939 3606 eosdem
961 3540 1028 3608 sere
1050 3566 1129 3610 con·
