2542 4117
411 337 549 382 saurus.
594 337 664 380 car.
686 337 789 381 ων.
1014 315 1057 381 99

142 487 230 553 dixit
266 489 433 572 quaedam
471 490 543 574 ejus
580 492 763 571 sputatilica
787 511 872 554 esse
908 490 1058 555 crimina.

143 593 296 658 LXXV.
344 594 433 659 'I'um
458 595 496 659 C.
519 593 655 675 Rusius,
678 595 926 675 Oireumveuior,
940 596 1060 679 inquit,

133 699 355 783 judicassent
369 700 553 765 subvenitis.
592 699 729 765 Sisenna
739 700 1058 780 quiddicetucseio:

141 812 250 868 metuo
264 805 410 869 iusidias.
448 805 663 885 Spntotilica!
681 806 760 885 quid
775 813 822 870 est
836 806 921 869 loc?
958 804 1060 886 ὅρκια

142 909 226 989 quid
247 911 299 988 sit,
323 912 411 987 seim·
432 912 522 974 tilica
545 912 661 974 uescto.
708 909 852 973 Maximi
874 911 977 974 risus:
1001 908 1060 973 sed

143 1014 199 1078 ille
222 1020 339 1078 tamen
366 1014 539 1078 familiaris
565 1036 661 1079 meus
690 1022 776 1078 recte
800 1014 893 1099 loqui
916 1016 1060 1099 putabat

144 1140 219 1183 esse
242 1120 402 1183 inusitate
427 1120 528 1203 loqui.
574 1119 648 1183 261.
675 1120 800 1184 Caesar
822 1126 938 1184 autem
960 1121 1060 1183 ratio·

143 1247 225 1290 nem
252 1227 425 1291 adhibens·
444 1228 721 1292 consuetudinem
751 1229 907 1292 vitiosam
933 1235 967 1291 et
993 1249 1061 1291 cor·

143 1337 281 1416 ruptam
308 1353 391 1416 pura
413 1338 447 1395 et
473 1334 663 1417 incorrupta
684 1334 926 1397 consuetudine
949 1354 1062 1396 emen·

145 1435 215 1500 dat
261 1436 379 1519 Itaque
402 1458 480 1500 cum
496 1437 540 1500 ad
559 1438 646 1501 hanc
661 1438 862 1522 elegantiam
884 1440 1059 1501 verborum

146 1541 359 1624 latinorum,
374 1562 472 1624 quae,
487 1542 620 1605 etiamsi
643 1549 751 1606 orator
774 1564 841 1607 uon
864 1544 919 1623 sis,
935 1544 992 1606 et*
1014 1544 1060 1606 sis

144 1646 315 1731 ingenuus
339 1647 421 1709 civis
447 1645 632 1725 Romanus,
654 1654 768 1710 tamen
791 1649 976 1710 necessaria
1001 1656 1061 1726 est,

146 1749 303 1835 adjungit
331 1750 388 1815 illa
414 1752 557 1815 oratoria
584 1758 780 1814 ornamenta
811 1751 956 1814 dicendi:
986 1758 1062 1815 tum

144 1854 279 1918 videtur
299 1861 474 1937 tamquam
496 1855 630 1919 tabulas
652 1856 737 1918 bene
764 1854 871 1939 pictas
900 1853 1061 1918 collocare

145 1959 183 2024 in
198 1961 289 2023 bono
304 1959 439 2023 lumine.
485 1959 584 2023 Hanc
609 1979 687 2023 cum
711 1960 833 2023 habeat
847 1960 1062 2043 praeeipuam

145 2064 284 2130 laudern
310 2065 346 2127 in
370 2065 616 2144 communibus,
639 2086 707 2128 non
733 2064 841 2143 video,
864 2064 920 2127 cui
942 2064 1063 2127 debeat

146 2168 273 2233 cedere.
320 2168 538 2254 Splendidam
561 2169 732 2253 quandam
748 2168 953 2250 minimeque
975 2174 1063 2232 vete·

144 2275 305 2338 satoriam
319 2275 483 2337 rationem
499 2273 629 2337 dicendi
645 2279 737 2337 tenet
751 2294 832 2337 voce
844 2280 940 2336 motu
956 2271 1063 2336 forma

146 2379 254 2442 etiam
271 2376 450 2462 magnifica
465 2383 500 2440 et
514 2399 674 2462 generosa
689 2377 949 2461 quodammodo.
987 2377 1061 2441 262.

148 2482 243 2547 Tum
260 2482 394 2561 Brutus,
415 2481 591 2545 Orationes
613 2482 751 2565 quidem
773 2483 845 2566 ejus
860 2483 945 2545 mihi
966 2483 1063 2546 vehe-

147 2592 278 2651 menter
303 2588 500 2670 probantur3
530 2586 717 2671 complures
742 2592 856 2650 autem
881 2586 956 2669 legi.
1004 2586 1063 2649 At·

148 2712 215 2773 que
231 2690 334 2754 etiam
350 2691 607 2754 commentarios
629 2690 794 2773 quosdam
810 2690 939 2774 scripsit
954 2710 1064 2753 rerum

149 2816 299 2860 suarum.
342 2795 465 2859 vValde
484 2795 645 2878 quidem,
674 2796 823 2878 inquam,
857 2794 1064 2881 probandos:

149 2900 234 2965 nudi
249 2900 339 2963 enirn
355 2905 434 2963 sunt
448 2901 529 2964 recti
549 2906 583 2964 et
597 2901 731 2964 venusti
752 2901 844 2964 omni
860 2907 979 2964 ornatu
995 2920 1065 2963 ora·

147 3006 252 3070 tionis
265 3011 440 3088 tamquam
451 3011 543 3069 veste
555 3004 744 3068 detractaf*
780 3005 848 3068 Sed
863 3005 945 3068 dum
956 3004 1065 3068 voluit

151 3111 248 3175 alios,
262 3111 381 3173 habere
404 3116 530 3195 parata,
551 3109 641 3173 unde
662 3114 838 3188 sumerent,
864 3110 922 3192 qui
944 3109 1066 3173 vellent

150 3216 291 3281 scribere
315 3214 499 3293 historiam,
514 3215 635 3298 ineptis
658 3220 790 3299 gratum
815 3212 954 3278 sortasse
978 3213 1065 3292 lecit,

182 3475 196 3500 ⁹
212 3475 304 3525 Lamb.
315 3476 366 3524 and
376 3474 490 3524 Ernesti:
506 3481 540 3523 at.

182 3560 210 3586 '⁴'
227 3559 352 3619 Lambin,
364 3558 471 3620 Ernesti,
481 3557 532 3608 and
543 3556 633 3608 Orelli:
649 3554 756 3607 munao.
