2542 4117
198 302 241 369 98
457 324 593 370 saurus.
639 324 710 367 ese.
731 323 849 367 uxxrv.

198 477 327 542 locutos
364 476 524 541 videmus·
583 476 652 541 Sed
686 497 804 541 omues
838 482 914 539 tum
944 473 1020 553 fere,
1052 474 1115 557 qui

200 602 261 646 neo
287 588 378 646 extra
401 584 517 645 urbem
542 583 626 645 banc
647 582 806 661 vixerant,
829 603 890 645 nec
915 602 974 643 eos
1000 579 1116 662 aliqua

199 688 389 752 barbaries*
416 686 601 751 domestica
625 686 858 765 infuscaverat,
883 691 970 749 recte
1000 685 1117 768 loque·

199 794 328 856 bantur.
376 791 444 856 Sed
466 793 552 855 hano
566 797 653 855 certe
668 813 737 854 rem
753 791 947 854 deteriorem
962 796 1116 853 vetustas

201 897 280 962 feeit
295 903 329 961 et
345 896 473 962 Romae
485 903 518 960 et
530 897 563 960 in
581 896 731 960 Graecia
766 895 1008 960 Confluxerunt
1023 896 1117 959 enim

202 1008 237 1067 et
261 1004 410 1067 Athenas
425 1008 460 1065 et
474 1003 508 1065 in
524 1002 611 1065 hauc
626 1004 738 1065 urbem
755 1001 855 1065 multi
876 1001 1052 1084 inquinate
1070 999 1118 1063 lo·

202 1113 343 1190 quentes
358 1128 399 1170 ex
414 1106 549 1171 diversis
570 1106 661 1170 locis.
709 1106 789 1184 Quo
808 1107 917 1191 magis
932 1126 1118 1191 expurgan-

203 1211 266 1276 dus
290 1218 343 1276 est
364 1232 472 1275 sermo
499 1217 546 1275 et
559 1211 749 1276 adhibenda
775 1218 952 1294 tamquam
978 1213 1119 1275 obrussa

202 1317 297 1395 ratio,
312 1336 399 1399 quae
421 1316 545 1379 mutari
570 1337 637 1379 non
654 1322 773 1401 potest,
788 1337 850 1379 uec
864 1315 1030 1380 utendum
1045 1336 1118 1400 pra·

203 1422 340 1485 vissima
367 1420 619 1484 consuetudinis
643 1421 766 1506 regula
818 1420 892 1483 259.
922 1420 960 1483 Τ.
989 1419 1119 1483 Flami·

205 1526 309 1605 nium,
325 1526 476 1608 quicum
495 1525 538 1602 Q.
557 1525 693 1590 Metello
708 1525 826 1590 consul
839 1526 912 1606 fuit,
927 1526 1022 1610 pueri
1037 1525 1120 1588 vidi·

206 1650 292 1694 mus.
348 1629 613 1694 Existimabatur
642 1632 727 1693 bene
758 1630 889 1710 Latine,
918 1630 977 1694 sed
1006 1631 1119 1695 literas

206 1735 383 1799 nesciebat.
431 1735 572 1799 Catulus
595 1740 667 1799 erat
687 1735 741 1799 ille
763 1735 898 1819 quidem
914 1736 1054 1799 minime
1069 1736 1121 1799 in·

207 1841 336 1921 doctus,
356 1846 395 1904 ut
421 1846 497 1906 ate
513 1840 624 1925 paullo
648 1847 699 1904 est
721 1847 799 1904 ante
821 1841 966 1921 dictum;
990 1841 1050 1905 sed
1069 1848 1122 1905 ta·

207 1967 284 2010 men
301 1946 450 2009 suavitas
464 1946 555 2008 vocis
571 1951 605 2008 et
619 1944 703 2009 lenis
712 1945 740 1975 *⁴
755 1945 935 2030 appellatio
949 1946 1121 2010 literarum

208 2051 293 2113 bene
319 2048 478 2133 loquendi
503 2047 631 2112 famam
658 2049 852 2114 confecerat.
901 2052 1011 2131 Cotta,
1038 2052 1123 2134 quia

208 2175 243 2217 se
259 2152 354 2217 valde
370 2153 549 2216 dilatandis
572 2153 673 2218 literis
690 2175 710 2217 a
726 2154 942 2220 similitudine
968 2156 1123 2220 Graecae

208 2257 385 2322 locutionis
397 2258 609 2336 abstraxerat,
621 2260 828 2341 sonabatque
840 2261 1041 2324 contrarium
1058 2261 1125 2325 Ca·

209 2361 281 2426 tulo
304 2364 495 2446 subagreste
513 2362 678 2445 quiddam
701 2364 864 2448 planeque
886 2367 1123 2447 subrusticum,

209 2467 276 2531 alia
293 2466 429 2549 quidem
444 2469 542 2550 quasi
556 2467 683 2532 inculta
706 2475 740 2532 et
760 2469 899 2533 silvestri
913 2472 969 2534 via
984 2470 1027 2534 ad
1043 2492 1123 2535 ean·

210 2572 287 2636 dem
311 2572 446 2637 laudem
469 2581 669 2658 pervenerat.
718 2574 861 2640 Sisenna
883 2583 1006 2657 autem,
1024 2578 1124 2660 quasi

211 2679 404 2743 emendator
424 2682 585 2745 sermonis
607 2682 723 2745 usitati
740 2703 816 2745 cum
833 2703 904 2745 esse
919 2683 1027 2763 vellet,
1044 2704 1086 2746 ne
1101 2703 1125 2747 a

215 2785 253 2849 O.
270 2784 376 2850 Rusio
391 2786 527 2868 quidem
544 2793 736 2851 accusatore
752 2788 902 2853 deterreri
919 2788 1038 2873 potuit,
1054 2808 1124 2871 quo

212 2891 323 2955 minus
338 2891 508 2953 inusitatis
524 2892 629 2955 verbis
650 2899 803 2958 uteretur.
847 2893 920 2956 260.
946 2892 1125 2970 Quidnam

211 2997 299 3062 istuc
325 2994 399 3060 est?
421 2996 531 3080 inquit
555 2997 699 3061 Brutus:
730 3005 790 3063 aut
816 3000 889 3082 quis
913 3005 964 3062 est
990 3000 1054 3062 iste
1085 2999 1126 3063 C.

214 3101 366 3169 Rosius?
416 3103 463 3167 Et
487 3103 552 3184 ille,
573 3104 656 3169 Fuit
679 3111 860 3184 accusator,
873 3104 993 3188 inquit,
1015 3111 1125 3185 vetus,

213 3230 280 3292 quo
304 3214 482 3272 accusante
510 3209 548 3273 C.
580 3208 746 3275 Rutilium
775 3209 919 3274 Sisenna
940 3210 1127 3275 defendens

243 3452 256 3477 ”
272 3453 339 3502 Edit.
349 3452 431 3502 Prine.
442 3454 492 3502 end
502 3452 603 3518 Meyer:
618 3455 734 3506 barbaria.

242 3532 268 3558 '⁴'
283 3535 353 3584 Edit.
363 3535 446 3585 Prino.
457 3536 508 3585 end
518 3535 618 3602 Meyer:
633 3536 698 3589 leura
