2542 4117
420 318 556 360 sauros.
602 319 672 360 exe.
695 318 793 361 ιιιιιιι.
1020 295 1063 361 31

146 468 326 554 scriptores
340 469 415 548 illos
431 471 520 534 male
535 471 701 535 mulcatos
716 472 821 535 exisse
837 493 915 535 curn
937 470 1067 551 Galba;

146 596 188 637 ex
212 596 281 657 quo
305 574 516 660 signiticabat
538 576 631 639 illum
655 578 778 639 nonin
802 577 933 661 agendo
955 576 1065 640 solum

146 681 211 742 sed
236 681 340 743 etiarn
363 681 398 743 in
424 681 617 745 meditando
639 682 870 744 vehementem
894 689 994 763 atque
1017 681 1066 743 in·

146 809 291 852 censum
315 787 427 852 luisse.
475 789 569 866 Quid
592 789 722 853 multa?
749 811 874 875 magna
897 796 1066 875 exspecta·

145 897 244 957 tione
260 893 412 978 plurimis
435 894 648 957 audientibus
663 916 774 958 eoram
789 897 862 979 ipso
880 894 997 959 Laelio
1019 895 1067 958 sic

146 1003 248 1067 illam
271 1025 410 1067 causam
430 1010 527 1068 tanta
542 1005 575 1066 vi
592 1011 752 1088 tantaque
767 1007 928 1090 gravitate
944 1005 1066 1069 dixisse

152 1108 314 1188 Galbam,
325 1114 364 1172 ut
379 1108 470 1172 nulla
485 1107 550 1172 lere
567 1130 642 1194 pars
654 1111 812 1174 orationis
828 1111 961 1174 silentio
977 1132 1068 1196 prae·
1149 1161 1170 1192 j
1201 1183 1205 1192 Ι

147 1214 312 1276 teri1etur.
358 1214 476 1296 Itaque
493 1213 607 1277 multis
625 1215 765 1296 Qli}
781 1216 954 1298 multaque
971 1216 1068 1278 mise·
1174 1211 1194 1266 f

147 1319 283 1382 ratione
309 1318 460 1381 adhibita
487 1319 595 1382 socios
619 1321 775 1383 omnibus
802 1321 1068 1405 approbantibus

148 1423 211 1486 illa
224 1422 277 1485 die
289 1424 485 1504 quaestione
497 1422 651 1487 liberatos
663 1445 744 1487 esse.
781 1425 909 1488 XXIII.
940 1423 992 1489 89.
1015 1425 1068 1488 Ex

150 1528 219 1591 hae
233 1527 408 1591 Rutiliana
419 1529 606 1592 narratione
619 1530 779 1613 suspicari
790 1529 875 1608 lieet,
887 1551 966 1593 eum
979 1529 1069 1593 duae

152 1652 311 1696 summae
338 1633 461 1696 sintin
490 1639 618 1695 oratore
648 1632 777 1713 laudes,
806 1655 876 1697 una
906 1634 1069 1698 suthliter

152 1736 352 1821 disputandi
373 1736 418 1800 ad
443 1737 642 1817 docendum,
658 1738 760 1801 altera
782 1739 924 1823 graviter
945 1739 1069 1823 agendi

153 1842 201 1905 ad
226 1843 356 1905 anImos
382 1841 593 1905 audientium
618 1835 869 1926 permovendos
896 1843 1069 1926 multoque

153 1948 233 2033 plus
258 1946 408 2031 proficiat
431 1948 470 2026 is,
493 1949 553 2030 qui
577 1946 767 2011 inflammet
792 1946 940 2031 judicem
966 1967 1070 2031 quam

152 2054 222 2131 ille,
248 2053 306 2136 qui
332 2052 468 2131 doceat;
491 2052 692 2138 elegantiam
723 2054 758 2116 in
788 2052 905 2116 Laelio
934 2054 1002 2116 vim
1035 2053 1071 2117 in

157 2157 273 2222 Galba
295 2158 407 2221 fuisse.
455 2157 554 2234 Quae
584 2156 720 2240 quidem
747 2158 798 2222 vis
823 2164 897 2220 tum
924 2158 1071 2221 maxime

154 2266 296 2349 eogrnta
311 2270 370 2342 est,
382 2285 461 2327 cum
479 2263 654 2326 Lusitanis
670 2284 690 2326 a
708 2262 776 2327 Ser.
796 2262 908 2327 Galba
924 2270 1072 2347 praetore

154 2381 274 2435 eontra
285 2370 524 2455 interpositam,
536 2374 575 2430 ut
586 2368 848 2446 existimabatur,
860 2366 960 2431 fidem
974 2368 1072 2430 inter·

154 2476 257 2540 fectis
284 2474 337 2538 L*
363 2475 489 2538 Libone
515 2474 650 2536 tribuno
680 2472 785 2557 plebis
807 2471 969 2557 populum
991 2473 1073 2534 inci·

155 2587 254 2646 tante
269 2585 304 2644 et
317 2580 523 2665 rogationem
539 2579 574 2640 in
589 2577 736 2641 Galbam
752 2576 911 2662 priVilegii
928 2576 1072 2639 similem

156 2686 284 2751 ferente
306 2706 441 2749 summa
464 2689 645 2761 senectute,
660 2688 699 2746 ut
721 2689 799 2745 ante
821 2681 899 2760 dixi,
917 2680 963 2744 NL
985 2681 1072 2744 Cato
1139 2681 1140 2690 ’

157 2793 270 2877 legem
301 2791 446 2855 suadens
476 2790 510 2852 in
539 2788 685 2852 Galbam
711 2786 819 2850 multa
844 2786 946 2850 dixit:
968 2805 1073 2869 quam

157 2899 346 2963 orationem
368 2897 404 2959 in
422 2895 578 2980 Origines
601 2914 680 2957 suas
698 2892 811 2956 retuIIt
834 2891 961 2975 paucis,
983 2898 1075 2954 ante·

157 3024 266 3088 quam
281 3007 431 3065 mortuus
447 3007 506 3079 est,
525 2998 592 3086 [an]
611 2999 729 3061 diebus
746 3018 788 3059 an
801 2997 984 3059 mensibus.
1022 2994 1075 3058 90.

160 3110 255 3175 Tum
277 3109 378 3194 igitur
398 3105 478 3170 nihil
500 3125 657 3168 recusans
675 3101 786 3165 Galba
809 3121 866 3184 pro
883 3119 955 3162 sese
970 3105 1004 3161 et
1019 3120 1076 3183 po·

156 3216 233 3304 puli
258 3213 403 3279 Romani
425 3211 527 3276 fidem
548 3208 729 3294 implorans
750 3226 828 3269 eum
851 3225 931 3268 suos
955 3224 1075 3288 pueros

156 3329 237 3387 tum
263 3319 301 3383 C.
332 3317 421 3383 Galli
446 3317 549 3380 etiam
575 3312 683 3377 filium
703 3310 786 3375 flens
809 3308 1077 3389 commendabat,

497 3543 511 3568 ¹
527 3540 699 3593 EditPn'ne:
717 3536 745 3588 Τ.
