2542 4117
442 363 577 407 neuros.
622 364 694 407 cae.
717 364 788 407 xvr.
1027 342 1068 408 21

201 515 255 580 61.
287 515 388 580 Hune
424 516 527 602 igitur
566 516 754 602 Cethegum
788 524 987 582 consecutus
1021 524 1072 582 est

157 628 273 685 aetate
297 623 393 701 Cato,
409 622 468 704 qui
490 622 586 686 annis
610 644 647 686 rx
672 630 748 707 post
765 644 843 686 eurn
864 621 928 686 suit
947 622 1071 686 consul.

158 726 252 791 Eum
278 749 339 790 nos
355 733 394 791 ut
410 733 610 810 perveterem
627 728 799 807 babemus,
815 727 872 810 qui
889 727 928 790 L.
947 726 1073 791 Marcio

159 830 218 894 M'.
234 830 375 894 Manilio
387 830 579 895 oonsulibus
591 839 743 896 mortuus
758 839 809 896 est
824 827 1072 897 annis'nxxxru

156 936 240 1020 ipsis
257 941 335 1000 ante
351 956 406 999 me
425 936 607 1000 consulem.
653 937 749 1001 XVI.
773 937 845 1001 Nec
867 957 942 1000 vero
966 937 1074 1000 habeo

157 1062 368 1123 quemquam
397 1042 629 1123 antiquiorem,
660 1042 756 1126 cujus
788 1040 923 1125 quidem
954 1042 1075 1126 scripta

157 1145 356 1231 proferenda
370 1153 496 1231 putem,
512 1147 576 1210 nisi
597 1168 698 1229 quem
724 1147 826 1231 Appii
844 1146 946 1210 Caeci
968 1147 1074 1210 oratio

158 1251 244 1314 baeo
259 1252 332 1336 ipsa
347 1251 388 1314 de
405 1251 530 1337 Pyrrho
542 1259 576 1316 et
592 1251 771 1316 nonnullae
782 1258 987 1316 mortuorum
1003 1250 1074 1315 lau·

158 1356 315 1419 dationes
343 1355 425 1420 sorte
455 1356 630 1420 delectant
676 1356 728 1420 62.
752 1356 807 1437 Et,
830 1357 986 1435 hercules,
1010 1356 1074 1420 hae

159 1461 299 1543 quidem
320 1466 468 1525 exstant:
493 1462 586 1546 ipsae
611 1462 701 1524 enim
721 1460 869 1525 familiae
894 1482 957 1525 sua
977 1460 1075 1545 quasi

160 1572 359 1630 ornamenta
374 1588 414 1630 ao
429 1572 650 1630 monumenta
667 1569 842 1631 servabant
856 1572 890 1630 et
905 1567 948 1631 ad
963 1587 1075 1645 usum,

160 1672 191 1733 si
213 1672 288 1753 quis
306 1671 456 1755 ejusdem
478 1672 606 1757 generis
625 1672 809 1749 occidisset,
826 1678 860 1736 et
882 1670 927 1735 ad
949 1692 1075 1735 memo·

159 1778 244 1839 riam
270 1776 410 1841 laudum
436 1776 694 1840 domesticarum
722 1782 756 1839 et
778 1775 821 1839 ad
844 1775 1074 1839 illustrandam

162 1881 372 1945 nobilitatem
407 1903 514 1946 suam.
577 1881 797 1965 Quamquam
831 1880 883 1944 his
911 1879 1076 1944 laudatio·

67 2047 73 2058 ,
162 1988 261 2050 nibus
284 1987 421 2050 historia
442 2007 552 2051 rerum
575 1993 761 2051 nostrarum
789 1994 840 2051 est
866 1986 956 2049 facta
984 2006 1077 2049 men·

162 2092 283 2175 dosior.
323 2090 433 2155 Multa
463 2093 553 2155 enim
585 2094 706 2178 scripta
735 2093 876 2157 suntin
907 2092 965 2171 eis,
988 2111 1077 2173 quae

162 2194 252 2260 saeta
275 2217 342 2259 non
358 2201 445 2274 sunt,
460 2195 534 2260 falsi
556 2197 727 2282 triumphi,
742 2197 851 2284 plures
874 2196 1077 2275 consulatus,

162 2322 285 2386 genera
298 2301 401 2364 etiam
413 2299 496 2364 salsa
513 2307 546 2365 et
561 2299 604 2363 ad
621 2302 749 2386 plebem
763 2302 984 2379 transitiones,
996 2320 1076 2364 cum

164 2406 317 2470 homines
333 2406 523 2470 humiliores
538 2407 574 2469 in
590 2405 736 2470 alienum
758 2406 907 2491 ejusdem
930 2404 1077 2469 nominis

162 2508 412 2575 infunderentur
433 2530 557 2595 genus3
578 2517 626 2588 ut,
643 2511 671 2573 si
693 2532 757 2595 ego
779 2531 834 2574 me
850 2531 871 2574 a
890 2509 946 2573 Μ’.
964 2508 1076 2572 Tullio

164 2634 237 2679 esse
260 2614 411 2695 dicerem,
426 2615 484 2697 qui
507 2616 666 2698 patricius
689 2636 766 2678 eum
789 2614 903 2678 Servio
928 2612 1077 2697 Sulpicio

164 2719 280 2782 consul
298 2740 386 2782 anno
401 2718 531 2781 decimo
548 2725 625 2803 post
639 2725 773 2783 exactos
796 2739 890 2804 reges
909 2716 981 2781 suit
1024 2715 1077 2780 63.

169 2823 309 2887 Catonis
332 2829 445 2886 autem
467 2823 632 2887 orationes
656 2845 723 2887 non
742 2824 853 2886 minus
869 2822 996 2886 multae
1011 2822 1077 2885 fere

166 2934 244 2991 sunt
262 2948 364 3010 quarn
383 2928 485 2991 Attici
506 2921 641 3014 Ly'siae,
656 2929 751 3013 eujus
767 2928 902 2991 arbitror
917 2927 1077 3012 plurimas

165 3052 247 3095 esse.
292 3033 356 3096 Est
378 3033 468 3096 enim
493 3034 636 3113 Atticus,
652 3033 812 3116 quoniam
832 3038 918 3095 certe
936 3030 1077 3095 Athenis

165 3145 217 3202 est
239 3145 272 3202 et
294 3146 394 3202 natus
410 3145 444 3202 et
459 3147 608 3202 mortuns
631 3144 666 3202 et
688 3136 822 3201 functus
838 3136 932 3199 omni
953 3135 1077 3199 civium

165 3264 311 3322 munere,
327 3264 533 3326 quamquam
552 3242 712 3306 Timaeus
728 3262 806 3305 eum
826 3241 925 3323 quasi
946 3239 1078 3304 Licinia

165 3355 199 3412 et
228 3349 343 3412 Mucia
368 3348 441 3434 lege
465 3348 583 3432 repetit
614 3346 808 3432 Syracusas.
854 3344 902 3409 Et
929 3344 1078 3427 quodam

166 3453 267 3517 modo
283 3460 334 3517 est
350 3454 509 3517 nonnulla
525 3454 560 3516 in
578 3453 628 3517 his
640 3454 744 3516 etiam
760 3453 844 3515 inter
859 3451 949 3536 ipsos
965 3450 1077 3514 simili·

166 3558 268 3624 tudo:
292 3558 384 3622 acuti
397 3565 476 3622 sunt
491 3557 660 3645 elegantes
678 3557 777 3622 faceti
792 3560 924 3637 breves;
946 3555 1005 3619 sed
1023 3554 1078 3620 ille
