2542 4117
423 299 559 344 saurus.
604 298 675 343 cnr.
698 300 790 344 xcvr.
993 278 1057 345 129

140 453 239 517 eules.
288 452 346 517 Sic
371 452 414 530 Q.
433 452 604 518 Hortensii
622 474 687 516 vox
714 454 878 518 exstincta
899 453 970 519 sato
994 476 1057 519 suo

141 565 193 622 est
224 564 338 621 nostra
367 559 510 642 publice.
555 558 629 622 329.
655 558 787 637 Melius,
816 580 952 642 quaeso,
976 560 1059 624 omi·

142 685 234 742 nare,
257 664 369 745 inquit
396 663 529 726 Brutus.
576 662 629 727 Sit
656 684 747 743 sane,
769 669 808 727 ut
828 665 887 743 vis,
908 665 1060 748 inquam,

141 775 177 832 et
198 768 235 831 id
262 774 416 831 nontam
433 790 511 831 mea
525 790 629 832 causa
651 790 754 851 quam
777 775 857 832 tua:
880 769 938 833 sed
959 769 1059 833 sortu-

142 879 246 937 natus
267 873 356 935 illius
380 874 498 951 exitus,
513 874 571 956 qui
587 894 627 936 ea
644 894 709 937 non
726 873 818 952 vidit,
834 895 911 937 cum
933 874 1059 954 fierent,

142 999 231 1061 quae
267 978 411 1062 providit
442 976 562 1041 lutura.
621 977 731 1063 Saepe
762 980 852 1042 enim
883 980 967 1043 inter
996 1001 1059 1043 nos

142 1082 377 1168 impendentes
404 1104 501 1146 casus
527 1081 732 1162 deflevimus,
755 1105 833 1147 cum
855 1084 932 1147 belli
953 1085 1059 1149 civilis

144 1209 266 1252 causas
281 1189 317 1251 in
333 1188 536 1271 privatorum
553 1188 792 1272 cupiditatibus
808 1188 952 1254 inclusas
968 1190 1060 1274 pacis

144 1314 241 1378 spem
270 1313 289 1356 a
315 1292 448 1375 publico
476 1292 615 1355 consilio
643 1314 714 1355 esse
742 1293 911 1357 exclusam
937 1294 1060 1358 videre·

144 1419 232 1462 mus·
292 1395 359 1460 Sed
392 1396 487 1460 illurn
517 1396 647 1460 videtur
676 1396 818 1462 felicitas
847 1399 963 1483 ipsius,
993 1419 1062 1482 qua

145 1523 279 1587 semper
294 1507 344 1564 est
359 1523 450 1579 usus,
466 1504 507 1563 ab
523 1502 571 1565 eis
591 1502 740 1581 miseriis,
755 1525 842 1585 quae
863 1510 1062 1568 consecutae

146 1614 236 1686 sunt,
253 1612 357 1670 morte
373 1607 567 1669 vindicasse.

191 1712 266 1776 330.
291 1712 364 1775 Nos
380 1718 505 1791 autern,
522 1711 635 1788 Brute,
651 1712 811 1793 quoniam
828 1719 904 1797 post
921 1713 1062 1778 Horten·

146 1821 188 1885 sii
213 1819 385 1883 clarissimi
409 1818 546 1881 oratoris
567 1823 707 1881 mortem
732 1820 830 1881 orbae
852 1818 1062 1901 eloquentiae

147 1926 247 2010 quasi
269 1930 394 1987 tutores
416 1921 522 1986 relicti
543 1942 671 2000 sumus,
686 1922 780 1985 domi
794 1930 969 1986 teneamus
985 1944 1062 1988 eam

147 2036 281 2115 septam
305 2027 433 2091 liberali
459 2027 621 2106 custodia,
648 2033 682 2090 et
709 2028 769 2090 hos
796 2029 930 2113 ignotos
961 2035 1062 2111 atquc

147 2133 362 2219 impudentes
386 2153 503 2217 procos
528 2132 751 2215 repudiemus,
777 2139 997 2217 tueamurque
1023 2140 1063 2199 ut

149 2240 304 2304 adultam
320 2238 481 2323 virginem
497 2243 597 2316 caste,
613 2245 648 2301 et
663 2241 705 2301 ab
721 2245 908 2303 amatorum
924 2241 1065 2326 impetu,

149 2350 317 2429 quantum
334 2363 522 2427 possumus,
535 2343 778 2426 prohibeamus.
817 2345 985 2427 Equidem
1001 2347 1065 2411 etsi

150 2449 249 2513 doleo
277 2469 332 2510 me
357 2448 391 2510 in
420 2448 525 2509 vitam
556 2446 669 2531 paullo
697 2450 800 2512 serius
825 2456 1002 2533 tamquam
1028 2453 1065 2516 in

150 2555 242 2617 viam
258 2553 454 2637 ingressum,
470 2552 664 2636 priusquam
680 2551 869 2616 consectum
886 2555 946 2618 iter
962 2556 1014 2635 sit,
1028 2558 1065 2621 in

151 2661 240 2724 hanc
269 2659 317 2721 rei
343 2656 495 2742 publicae
521 2664 654 2721 noctem
685 2659 857 2722 incidisse:
883 2667 997 2724 tamen
1025 2683 1066 2727 ea

151 2762 383 2829 consolatione
400 2768 572 2842 sustentor,
588 2784 690 2845 quam
711 2769 749 2827 tu
774 2765 865 2844 mihi,
881 2767 993 2847 Brute,
1009 2767 1067 2832 ad·

153 2872 293 2938 hibuisti
318 2871 386 2935 tuis
412 2871 619 2934 suavissimis
639 2871 750 2951 literis,
766 2874 886 2955 quibus
908 2896 963 2938 me
991 2874 1067 2940 lorti

152 2979 269 3043 animo
286 2997 358 3040 esse
374 2981 521 3060 oportere
537 2978 705 3056 censebas
717 2977 807 3060 quod
823 3000 863 3041 ea
877 2982 1066 3063 gessissem,

152 3104 241 3167 quae
264 3081 305 3146 de
328 3102 384 3144 me
406 3081 508 3144 etiam
532 3102 585 3143 me
608 3086 740 3144 tacente
760 3082 834 3166 ipsa
856 3082 1067 3166 loquerentur

152 3186 377 3271 mortuoque*
398 3186 562 3250 viverent:
584 3208 682 3269 quae,
698 3187 726 3250 si
745 3194 832 3251 recte
849 3196 944 3269 esset,
960 3191 1067 3255 salute

153 3295 200 3360 rei
235 3292 396 3378 publicae,
426 3292 478 3354 sin
512 3312 617 3371 secus,
647 3291 781 3356 interitu
812 3294 886 3377 ipso
918 3296 1069 3359 testimo·

309 3510 322 3535 ⁸
338 3491 484 3580 lid-*Prien
493 3510 543 3655 apd
554 3508 655 3575 Meyer:
670 3518 757 3561 monuo
769 3510 918 3577 viverentque
