2542 4117
195 293 239 359 56
456 313 604 356 isaurus.
650 312 720 355 cir.
743 311 837 356 xum.

196 468 337 532 lacerare
363 466 543 552 plerosque,
557 466 632 529 uti*
653 487 695 530 ea
715 487 782 530 non
805 466 906 531 modo
928 488 995 531 non
1019 468 1110 531 exul·

195 594 303 637 cerate
317 578 460 635 vestram
477 572 620 657 gratiam
636 571 696 635 sed
712 573 815 635 etiam
830 572 1005 636 conciliare
1021 565 1109 636 vide·

196 683 278 741 atur.
326 675 430 755 Quali
456 676 545 739 enim
572 681 605 739 te
632 697 710 759 erga
735 676 828 739 illurn
853 678 1026 761 perspicio,
1047 677 1109 741 tali

121 795 140 822 ·‘
194 783 289 846 illum
311 782 346 845 iu
373 787 405 844 te
430 780 602 844 voluntate
621 780 814 864 judicioque
837 783 987 866 cognovi.
1034 782 1109 845 157.

197 888 314 971 Itaque
336 886 433 949 doleo
456 892 490 949 et
511 884 598 949 illius
614 885 754 948 consilio
770 891 804 948 et
823 891 884 949 tua
898 907 979 949 voce
1001 908 1110 971 popu·

194 994 264 1057 lum
293 992 486 1057 Romanum
508 1012 615 1053 carere
638 996 709 1054 tarn
736 991 812 1054 diu:
835 991 1025 1072 quodcum
1050 1013 1112 1076 per

194 1119 229 1161 se
248 1096 429 1161 dolendum
445 1102 495 1158 est
516 1102 589 1158 tum
613 1095 720 1158 multo
744 1095 852 1180 magis
874 1095 1111 1175 consideranti,

194 1202 238 1265 ad
260 1223 344 1285 quos
365 1202 430 1264 ista
457 1222 524 1264 non
547 1198 707 1263 translata
731 1201 806 1280 sint,
822 1199 881 1263 sed
903 1202 1015 1265 nescio
1038 1223 1110 1284 quo

194 1313 294 1393 pacto
317 1307 515 1369 devenerint.
561 1305 628 1369 Hic
646 1306 787 1384 Atticus,
804 1306 971 1385 Dixeram‚
986 1307 1110 1389 inquit,

195 1433 216 1475 a
246 1411 414 1497 principio,
437 1410 478 1473 de
505 1432 538 1474 re
565 1410 699 1495 publica
720 1416 759 1473 ut
781 1410 969 1474 sileremus:
991 1412 1110 1494 itaque

194 1517 376 1581 faciamus:
400 1537 479 1579 nam
507 1516 536 1579 si
561 1516 626 1579 isto
651 1515 751 1578 modo
774 1516 928 1579 volumus
956 1516 1109 1601 singulas

192 1643 243 1685 res
259 1620 450 1700 desiderare,
466 1642 532 1684 non
550 1620 650 1684 modo
666 1620 823 1703 querendi
839 1620 897 1684 sed
912 1641 955 1684 ne
969 1619 1110 1706 lugendi

193 1727 329 1810 quidem
345 1725 445 1789 finem
460 1727 669 1810 reperiemus.

238 1832 366 1896 XLIII.
412 1829 483 1895 158.
508 1831 691 1915 Pergamus
714 1850 801 1915 ergo,
820 1828 969 1911 inquam,
992 1827 1036 1891 ad
1059 1849 1109 1891 re·

193 1937 294 2020 liqna,
306 1944 340 2000 et
354 1937 546 1999 institutum
563 1934 711 1997 ordinem
728 1955 973 2018 persequamur.
1008 1933 1109 1997 Para·

149 2085 154 2094 -
192 2049 248 2106 tus
263 2043 363 2127 igitur
378 2041 531 2103 veniebat
549 2039 698 2117 Crassus,
715 2039 977 2123 exspectabatur,
992 2038 1108 2100 audie·

192 2149 297 2210 batur.
347 2147 377 2208 A
400 2144 561 2229 principio
585 2145 709 2223 statim,
725 2142 815 2226 quod
832 2149 902 2207 erat
919 2142 1012 2227 apud
1026 2164 1108 2207 eum

193 2271 322 2335 semper
344 2256 547 2327 accuratum,
563 2250 810 2333 exspectatione
828 2247 949 2334 dignus
972 2248 1108 2311 videba-

190 2361 261 2417 tur:
289 2375 355 2417 non
383 2352 489 2416 multa
509 2354 650 2437 jactatio
673 2355 817 2439 corporis
842 2375 908 2417 non
932 2352 1107 2417 inclinatio

192 2461 283 2521 vocis
314 2458 405 2522 nulla
439 2458 660 2522 inambulatio
692 2480 759 2522 non
793 2460 904 2522 crebra
933 2457 1106 2542 supplosio

193 2563 304 2647 pedis:
328 2564 505 2626 vehemens
524 2569 557 2627 et
580 2563 746 2626 interdum
762 2564 846 2626 irata
862 2568 896 2626 et
911 2562 1010 2647 plena
1022 2563 1107 2646 justi

193 2667 312 2731 doloris
334 2669 457 2745 oratio;
481 2668 604 2731 multae
621 2674 746 2731 etcum
764 2668 926 2752 gravitate
946 2664 1107 2729 facetiae:

192 2773 347 2856 quodque
371 2772 504 2836 difficiIe
527 2778 585 2851 est,
600 2773 688 2835 idem
713 2779 747 2835 et
770 2777 961 2858 perornatus
980 2777 1014 2834 et
1036 2793 1107 2855 per·

191 2879 306 2942 brevis.
353 2878 426 2941 159.
449 2878 526 2942 Jam
557 2879 591 2941 in
614 2878 804 2941 altercando
834 2878 961 2940 invenit
989 2897 1106 2961 parem

192 2985 379 3064 neminem;
401 2990 550 3047 versatus
573 2989 623 3047 est
645 2984 680 3046 in
696 2984 788 3046 omni
810 2981 875 3045 scre
891 3003 1009 3067 genere
1027 3002 1107 3044 cau-

191 3110 321 3170 sarum3
352 3096 480 3152 mature
510 3090 544 3151 in
574 3087 685 3151 locum
717 3088 902 3172 principum
936 3092 1105 3149 oratorum

191 3196 291 3257 venit.
332 3195 512 3258 Accusavit
530 3194 566 3256 C.
586 3193 773 3256 Carbonem
793 3191 1105 3274 eloquentissimum

191 3298 361 3361 hominem
385 3298 569 3361 admodum
589 3297 798 3361 adolescens:
822 3316 991 3359 summam
1014 3295 1105 3380 inge·

468 3516 480 3541 ⁴*
497 3518 599 3567 Ellendt
610 3519 661 3567 and
672 3518 771 3582 Meyer:
789 3526 821 3566 ut.
