2542 4117
220 325 264 394 28
503 350 639 394 saurus.
684 352 755 394 cnr.
777 351 848 394 xxr.

221 521 316 568 nores
341 507 424 566 natu
448 503 545 567 multi
569 525 638 568 uno
665 510 814 590 tempore
844 510 988 569 oratores
1019 504 1141 569 florue-

220 612 306 671 runt
346 607 435 672 Nam
450 614 485 671 et
502 609 541 673 Α
563 609 715 688 Albinus,
731 612 769 689 is,
784 611 844 693 qui
862 611 989 674 Graece
1005 612 1142 696 scripsit

223 712 405 792 historiam,
431 714 489 796 qui
512 713 629 777 consul
656 736 732 777 curn
762 714 802 778 L.
834 714 977 778 Lucullo
1003 713 1078 792 luit,
1104 720 1142 777 et

223 814 372 882 literatus
390 823 424 881 et
447 817 587 881 disertus
610 816 690 881 suit:
714 824 748 881 et
770 820 879 882 tenuit
900 840 976 882 cum
1000 819 1065 882 hoc
1092 818 1141 881 lo·
1252 847 1253 888 l

224 942 301 986 cunr
326 921 494 1005 quendam
521 923 624 987 etiam
654 922 724 987 Ser.
753 923 893 987 Fulvius
913 930 947 987 et
971 945 1041 986 una
1069 923 1143 986 Ser.

225 1025 354 1091 Fabius
377 1025 488 1090 Pictor
509 1033 543 1090 et
561 1027 645 1112 juris
668 1034 703 1091 et
724 1027 892 1092 literarum
908 1036 942 1092 et
957 1029 1143 1112 antiquita·

224 1131 269 1196 tis
302 1133 386 1194 bene
421 1133 553 1216 peritus.
614 1132 830 1216 Quintusque
861 1133 989 1197 Fabius
1022 1133 1144 1196 Labeo

224 1234 290 1302 suit
311 1241 446 1299 ornatus
461 1236 580 1300 iisdem
596 1235 662 1300 lere
684 1237 850 1302 laudibus.
897 1238 987 1302 Nam
1007 1237 1049 1315 Q.
1067 1236 1145 1300 Me·

225 1340 333 1418 tellus,
355 1340 393 1419 is,
416 1342 510 1426 cujus
532 1348 677 1424 quatuor
700 1341 760 1406 filii
782 1342 971 1406 consulares
996 1340 1143 1421 luerunt,

226 1444 261 1510 in
285 1446 399 1528 primis
414 1452 465 1509 est
479 1446 613 1511 habitus
636 1447 803 1530 eloquens,
819 1448 878 1531 qui
900 1468 957 1532 pro
980 1447 1019 1510 L.
1038 1447 1145 1510 Cotta

227 1548 311 1613 dixit
340 1555 518 1614 accusante
551 1552 725 1633 African03
757 1553 852 1637 cujus
883 1559 917 1616 et
946 1552 1030 1616 aliae
1061 1557 1145 1616 sunt

228 1655 394 1718 orationes
418 1662 453 1719 et
476 1661 591 1720 contra
619 1658 670 1721 Ti.
698 1658 888 1721 Gracchum
911 1658 1062 1743 exposita
1089 1662 1144 1720 est

227 1760 264 1826 in
282 1759 318 1823 C.
336 1760 459 1825 Fannii
474 1762 659 1825 annalibus.
704 1761 756 1826 82.
781 1762 871 1825 Tum
891 1763 963 1847 ipse
981 1761 1020 1825 L.
1039 1762 1145 1824 Cotta

228 1871 390 1930 veterator
405 1867 556 1947 habitus,
579 1867 638 1931 sed
657 1867 695 1931 C.
713 1867 849 1934 Laelius
864 1873 899 1930 et
915 1867 950 1930 P.
966 1865 1144 1930 Africanus

228 1971 264 2038 in
289 1972 403 2056 primis
427 1972 629 2054 eloquentes,
647 1993 788 2055 quorum
811 1978 944 2036 exstant
967 1972 1146 2051 orationes,

230 2078 407 2160 exquibus
428 2078 609 2141 existimari
625 2078 666 2142 de
683 2080 826 2164 ingeniis
841 2085 1007 2142 oratorum
1024 2083 1147 2162 potest.

233 2180 303 2246 Sed
317 2183 401 2245 inter
416 2182 477 2245 hos
493 2189 603 2246 aetate
619 2183 772 2267 paullum
789 2185 840 2247 his
855 2183 1054 2247 antecedens
1071 2184 1147 2245 sine

231 2288 453 2351 controversia
478 2287 546 2352 Ser.
564 2288 676 2352 Galba
698 2289 890 2372 eloquentia
907 2289 1087 2373 praestitit:
1111 2294 1149 2351 et

232 2391 391 2456 nimirum
417 2393 447 2456 is
477 2394 627 2477 princeps
658 2415 698 2456 ex
731 2393 860 2456 Latinis
890 2393 947 2456 illa
977 2398 1149 2456 oratorum

233 2497 363 2581 propria
378 2504 411 2560 et
425 2498 522 2580 quasi
543 2497 694 2582 legitima
709 2519 809 2582 opera
825 2499 988 2577 tractavit,
1004 2504 1042 2561 ut
1056 2519 1150 2582 egre·

232 2601 362 2666 deretur
384 2624 405 2666 a
427 2603 595 2688 proposito
619 2604 759 2667 ornandi
780 2624 892 2682 causa,
909 2609 947 2666 ut
967 2603 1150 2667 delectaret

233 2708 375 2786 animos,
397 2714 436 2772 ut
461 2715 674 2792 permoveret,
696 2715 735 2771 ut
761 2714 897 2794 augeret
920 2729 998 2787 rem,
1022 2713 1060 2770 ut
1086 2707 1150 2769 nri·

234 2814 457 2878 serationibus
472 2820 511 2876 ut
526 2816 761 2878 communibus
782 2814 862 2878 locis
878 2819 1032 2878 uteretur.
1079 2811 1150 2876 Sed

234 2919 346 2984 nescio
369 2916 538 3000 quomodo
562 2918 669 3003 hujus,
684 2940 785 3001 quem
801 2924 934 2982 constat
956 2917 1149 3000 eloquentia

234 3025 445 3111 praestitisse,
461 3024 610 3088 exiliores
626 3025 792 3088 orationes
807 3030 887 3088 sunt
908 3029 943 3087 et
962 3023 1147 3087 redolentes

235 3132 344 3216 magis
368 3130 601 3213 antiquitatem
625 3150 728 3213 quam
745 3134 805 3191 aut
829 3128 936 3192 Laelii
958 3134 1018 3191 aut
1043 3126 1149 3211 Scipi·

235 3236 311 3299 onis
326 3241 386 3298 aut
401 3235 503 3298 etiam
518 3235 623 3319 ipsius
639 3234 797 3297 Catonis:
812 3234 925 3316 itaque
941 3236 1148 3310 exaruerunt,

237 3339 290 3401 vix
312 3340 383 3423 jam
399 3345 437 3401 ut
452 3345 642 3423 appareant

281 3443 332 3507 83.
356 3444 407 3508 De
418 3444 524 3529 ipsius
539 3442 647 3506 Laelii
659 3448 692 3505 et
709 3442 874 3528 Scipionis
886 3440 1021 3526 ingenio
1034 3460 1150 3522 quam·

238 3569 341 3632 quam
365 3571 406 3613 ea
424 3550 497 3634 jam
513 3554 564 3612 est
584 3548 708 3634 opinio,
724 3554 764 3611 ut
786 3547 966 3633 plurimum
989 3545 1152 3609 tribuatur
