2542 4117
419 314 555 362 usurus.
599 316 670 359 err.
694 316 775 360 arn.
1019 297 1061 364 81

151 475 190 534 ut
212 489 255 533 ne
275 467 389 553 legens
404 466 541 552 quidem
563 490 713 553 unquam
735 470 882 551 senserit,
897 478 1062 555 quantum

150 573 274 659 flagitii
308 573 554 639 commisisset?
615 573 708 652 Quid
748 581 871 656 autern,
912 579 1060 661 inquam,

151 681 266 761 Brute,
293 680 427 744 stultius
453 701 565 762 quam,
591 681 620 744 si
647 702 688 745 ea
714 682 894 767 vituperare
920 685 1062 764 volebat,

150 807 239 870 quae
262 786 469 871 vituperavit,
485 807 552 850 non
574 806 614 848 eo
637 792 785 871 tempore
807 789 977 852 instituere
1000 811 1063 854 ser·

149 911 300 969 monem,
316 911 393 954 curn
419 889 550 953 illarum
575 911 683 953 rerum
706 891 777 976 jam
800 897 950 977 tempora
972 913 1064 978 prae·

150 994 341 1060 teriissent?
390 995 458 1059 Sed
479 996 527 1058 ita
548 1001 640 1059 totus
657 1003 749 1074 errat,
764 1001 803 1060 ut
817 997 851 1059 in
868 997 986 1061 eodem
1002 1019 1064 1061 ser·

150 1121 254 1165 moue
276 1100 367 1163 dicat
387 1100 423 1163 iu
445 1104 598 1163 senatum
621 1121 657 1163 se
676 1100 817 1164 Caesare
840 1102 974 1165 consule
996 1123 1064 1166 non

152 1204 319 1283 accedere,
335 1204 392 1268 sed
414 1204 450 1267 id
472 1203 563 1267 dicat
583 1204 657 1289 ipso
679 1205 814 1268 consule
835 1207 948 1270 exiens
970 1228 989 1270 e
1015 1228 1064 1270 se-

151 1317 247 1376 natu.
290 1310 368 1375 Jarn
384 1310 442 1392 qui
458 1310 520 1373 hac
537 1316 629 1395 parte
645 1310 758 1390 animi,
773 1332 860 1394 quae
880 1318 992 1376 custos
1014 1319 1065 1376 est

152 1422 338 1480 ceterarum
360 1414 487 1499 ingenii
509 1414 664 1499 partium,
679 1421 750 1478 tarn
773 1415 890 1480 debilis
912 1423 1008 1496 esset,
1025 1422 1066 1481 ut

152 1541 196 1585 ne
221 1521 259 1584 in
290 1520 409 1603 scripto
436 1520 571 1601 quidem
599 1520 815 1600 meminisset,
844 1522 924 1605 quid
954 1523 1066 1609 paullo

153 1632 233 1692 aute
257 1626 431 1711 posuisset,
448 1625 525 1689 huic
546 1626 683 1689 minime
706 1626 828 1690 mirum
849 1633 900 1691 est
921 1649 961 1691 ex
982 1634 1066 1692 tem·

153 1753 233 1819 pore
256 1731 379 1795 di'eenti
401 1730 534 1794 solitam
555 1728 687 1794 effluere
702 1736 859 1794 mentem.
902 1732 976 1795 220.
1001 1733 1067 1796 Ita·

153 1858 230 1921 que,
258 1856 337 1900 cum
367 1835 399 1898 ei
425 1856 487 1899 nec
517 1833 664 1899 officium
694 1834 832 1913 deesset,
859 1841 893 1898 et
915 1834 1068 1920 flagraret

154 1941 268 2008 studio
291 1938 431 2019 dicendi,
447 1960 630 2024 perpaucae
647 1939 691 2001 ad
707 1960 785 2002 eum
801 1960 924 2002 causae
946 1938 1068 2004 defere-

154 2049 286 2110 bantur.
334 2044 453 2109 Orator
467 2050 582 2108 autern
598 2044 681 2107 vivis
696 2044 767 2128 ejus
783 2044 976 2126 aequalibus
996 2065 1067 2129 pro·

153 2153 268 2218 ximus
283 2150 420 2234 optimis
433 2151 670 2212 numerabatur
682 2154 813 2233 propter
827 2150 998 2212 verborum
1011 2150 1067 2212 bo-

154 2256 309 2335 nitatem,
320 2260 360 2318 ut
371 2259 449 2317 ante
461 2253 539 2332 dixi,
549 2258 583 2316 et
594 2253 783 2337 expeditam
796 2274 837 2317 ac
849 2251 1067 2338 profluentem

155 2359 408 2446 quodammodo
426 2359 635 2422 celeritatem.
682 2358 799 2441 Itaque
814 2359 886 2442 ejus
901 2360 1067 2423 orationes

155 2464 391 2551 adspiciendas
412 2470 526 2528 tamen
550 2484 679 2527 censeo.
726 2463 815 2527 Sunt
835 2464 909 2527 illae
930 2464 1067 2548 quidem

155 2570 391 2657 languidiores,
427 2575 656 2632 verumtamen
695 2574 836 2652 possunt
877 2591 997 2655 augere
1034 2585 1068 2634 et

157 2677 257 2761 quasi
281 2674 365 2740 alere
387 2673 423 2738 id
448 2676 585 2752 bonum,
610 2672 701 2755 quod
726 2673 762 2736 in
784 2673 840 2736 illo
862 2674 1069 2738 mediocriter

157 2780 506 2858 [ussermannus
532 2779 621 2860 quod
645 2779 745 2842 babet
770 2783 899 2843 tantam
926 2780 1005 2860 vim,
1030 2787 1070 2844 ut

157 2886 269 2952 solum
292 2886 363 2948 sine
386 2883 460 2948 aliis
474 2884 510 2947 in
529 2883 673 2947 Curione
688 2884 833 2967 speciem
851 2886 988 2948 oratoris
1011 2884 1069 2948 ali·

157 2992 254 3075 cujus
269 2988 420 3053 effecerit
466 2987 535 3052 Sed
550 2986 593 3052 ad
608 2988 762 3051 instituta
776 2988 959 3052 redeamus.

203 3095 315 3159 LXII.
360 3093 432 3157 221.
457 3093 495 3157 In
518 3092 634 3156 eodem
650 3093 751 3177 igitur
765 3114 902 3156 numero
918 3094 1067 3178 ejusdem

157 3201 282 3267 aetatis
310 3200 347 3264 C.
373 3199 481 3262 Carbo
506 3198 579 3277 fuit,
605 3196 694 3260 illius
722 3196 984 3280 eloquentissimi
1009 3200 1069 3263 viri

157 3304 258 3384 filius,
274 3325 342 3368 non
364 3304 446 3367 satis
469 3308 587 3366 acutus
608 3307 733 3382 orator;
756 3302 814 3366 sed
829 3308 942 3367 tamen
958 3310 1069 3369 orator

158 3416 355 3498 numeratus
378 3414 436 3472 est
483 3406 565 3472 Erat
580 3406 613 3470 in
629 3407 734 3471 verbis
750 3408 905 3493 gravitas,
921 3414 954 3473 et
973 3409 1069 3475 laoile

160 3516 302 3596 dicebat,
318 3520 353 3579 et
373 3514 606 3579 auctoritatem
628 3513 812 3578 naturalem
828 3514 998 3598 quandam
1014 3516 1071 3583 ha·

512 3617 533 3681 6
