<?xml version="1.0" encoding="UTF-8"?>
<!DOCTYPE html PUBLIC "-//W3C//DTD XHTML 1.0 Transitional//EN"
    "http://www.w3.org/TR/xhtml1/DTD/xhtml1-transitional.dtd">
<html xmlns="http://www.w3.org/1999/xhtml" xml:lang="en" lang="en">
 <head>
  <title>
</title>
<meta http-equiv="Content-Type" content="text/html;charset=utf-8" />
  <meta name='ocr-system' content='tesseract 3.04.00' />
  <meta name='ocr-capabilities' content='ocr_page ocr_carea ocr_par ocr_line ocrx_word'/>
</head>
<body>
  <div class='ocr_page' id='page_1' title='image "./brutus02cicegoog/brutus02cicegoog_0127.png"; bbox 0 0 2542 4117; ppageno 0'>
   <div class='ocr_carea' id='block_1_1' title="bbox 389 314 1048 381">
    <p class='ocr_par' dir='ltr' id='par_1_1' title="bbox 389 314 1048 381">
     <span class='ocr_line' id='line_1_1' title="bbox 389 314 1048 381; baseline 0.002 -1"><span class='ocrx_word' id='word_1_1' title='bbox 389 335 526 381; x_wconf 77' lang='lat' dir='ltr'>saurus.</span> <span class='ocrx_word' id='word_1_2' title='bbox 571 336 642 379; x_wconf 71' lang='lat' dir='ltr'>car.</span> <span class='ocrx_word' id='word_1_3' title='bbox 663 336 795 380; x_wconf 77' lang='lat' dir='ltr'>uxxxn.</span> <span class='ocrx_word' id='word_1_4' title='bbox 895 372 897 376; x_wconf 94' lang='lat'>.</span> <span class='ocrx_word' id='word_1_5' title='bbox 983 314 1048 381; x_wconf 84' lang='lat'>109</span> 
     </span>
    </p>
   </div>
   <div class='ocr_carea' id='block_1_2' title="bbox 130 488 1055 2885">
    <p class='ocr_par' dir='ltr' id='par_1_2' title="bbox 130 488 1055 2885">
     <span class='ocr_line' id='line_1_2' title="bbox 131 488 1049 577; baseline 0.001 -23"><span class='ocrx_word' id='word_1_6' title='bbox 131 489 211 554; x_wconf 88' lang='lat' dir='ltr'>dam</span> <span class='ocrx_word' id='word_1_7' title='bbox 229 489 362 554; x_wconf 88' lang='lat' dir='ltr'>dicendi</span> <span class='ocrx_word' id='word_1_8' title='bbox 377 494 411 553; x_wconf 91' lang='lat' dir='ltr'>et</span> <span class='ocrx_word' id='word_1_9' title='bbox 426 488 623 573; x_wconf 81' lang='lat' dir='ltr'><strong>exquisitius</strong></span> <span class='ocrx_word' id='word_1_10' title='bbox 639 488 797 555; x_wconf 89' lang='lat' dir='ltr'>afferebat</span> <span class='ocrx_word' id='word_1_11' title='bbox 811 511 935 577; x_wconf 83' lang='lat' dir='ltr'>genus3</span> <span class='ocrx_word' id='word_1_12' title='bbox 957 489 1049 575; x_wconf 88' lang='lat' dir='ltr'>quod</span> 
     </span>
     <span class='ocr_line' id='line_1_3' title="bbox 131 594 1050 680; baseline 0.001 -21"><span class='ocrx_word' id='word_1_13' title='bbox 131 616 343 679; x_wconf 90' lang='lat' dir='ltr'>quamquam</span> <span class='ocrx_word' id='word_1_14' title='bbox 370 596 511 658; x_wconf 90' lang='lat' dir='ltr'>scienter</span> <span class='ocrx_word' id='word_1_15' title='bbox 540 594 771 680; x_wconf 84' lang='lat' dir='ltr'>eleganterque</span> <span class='ocrx_word' id='word_1_16' title='bbox 800 599 974 677; x_wconf 81' lang='lat' dir='ltr'>tractabat,</span> <span class='ocrx_word' id='word_1_17' title='bbox 1000 597 1050 660; x_wconf 85' lang='lat' dir='ltr'>ni·</span> 
     </span>
     <span class='ocr_line' id='line_1_4' title="bbox 130 700 1049 786; baseline 0.001 -22"><span class='ocrx_word' id='word_1_18' title='bbox 130 701 243 764; x_wconf 88' lang='lat' dir='ltr'>mium</span> <span class='ocrx_word' id='word_1_19' title='bbox 270 705 385 764; x_wconf 89' lang='lat' dir='ltr'>tamen</span> <span class='ocrx_word' id='word_1_20' title='bbox 411 700 580 783; x_wconf 89' lang='lat' dir='ltr'>inquirens</span> <span class='ocrx_word' id='word_1_21' title='bbox 609 700 646 763; x_wconf 94' lang='lat' dir='ltr'>in</span> <span class='ocrx_word' id='word_1_22' title='bbox 677 720 712 763; x_wconf 87' lang='lat' dir='ltr'>se</span> <span class='ocrx_word' id='word_1_23' title='bbox 742 705 843 784; x_wconf 90' lang='lat' dir='ltr'>atque</span> <span class='ocrx_word' id='word_1_24' title='bbox 872 702 944 786; x_wconf 92' lang='lat' dir='ltr'>ipse</span> <span class='ocrx_word' id='word_1_25' title='bbox 976 722 1049 765; x_wconf 86' lang='lat' dir='ltr'>sese</span> 
     </span>
     <span class='ocr_line' id='line_1_5' title="bbox 131 805 1050 890; baseline 0 -22"><span class='ocrx_word' id='word_1_26' title='bbox 131 807 314 868; x_wconf 86' lang='lat' dir='ltr'>observans</span> <span class='ocrx_word' id='word_1_27' title='bbox 344 811 575 887; x_wconf 85' lang='lat' dir='ltr'>metuensque,</span> <span class='ocrx_word' id='word_1_28' title='bbox 605 825 648 867; x_wconf 92' lang='lat' dir='ltr'>ne</span> <span class='ocrx_word' id='word_1_29' title='bbox 678 805 838 869; x_wconf 89' lang='lat' dir='ltr'>vitiosum</span> <span class='ocrx_word' id='word_1_30' title='bbox 874 806 1050 890; x_wconf 87' lang='lat' dir='ltr'>colligeret,</span> 
     </span>
     <span class='ocr_line' id='line_1_6' title="bbox 132 909 1052 994; baseline 0.001 -21"><span class='ocrx_word' id='word_1_31' title='bbox 132 911 239 974; x_wconf 87' lang='lat' dir='ltr'>etiam</span> <span class='ocrx_word' id='word_1_32' title='bbox 255 930 371 973; x_wconf 89' lang='lat' dir='ltr'>verum</span> <span class='ocrx_word' id='word_1_33' title='bbox 387 910 584 994; x_wconf 90' lang='lat' dir='ltr'>sanguinem</span> <span class='ocrx_word' id='word_1_34' title='bbox 599 909 807 993; x_wconf 79' lang='lat' dir='ltr'>deperdebat</span> <span class='ocrx_word' id='word_1_35' title='bbox 843 910 963 994; x_wconf 89' lang='lat' dir='ltr'>Itaque</span> <span class='ocrx_word' id='word_1_36' title='bbox 978 910 1052 994; x_wconf 84' lang='lat' dir='ltr'>ejus</span> 
     </span>
     <span class='ocr_line' id='line_1_7' title="bbox 133 1014 1050 1099; baseline 0 -20"><span class='ocrx_word' id='word_1_37' title='bbox 133 1016 243 1079; x_wconf 90' lang='lat' dir='ltr'>oratio</span> <span class='ocrx_word' id='word_1_38' title='bbox 258 1015 365 1077; x_wconf 91' lang='lat' dir='ltr'>nimia</span> <span class='ocrx_word' id='word_1_39' title='bbox 379 1014 536 1099; x_wconf 86' lang='lat' dir='ltr'>religione</span> <span class='ocrx_word' id='word_1_40' title='bbox 549 1020 725 1078; x_wconf 87' lang='lat' dir='ltr'>attenuata</span> <span class='ocrx_word' id='word_1_41' title='bbox 741 1015 847 1079; x_wconf 89' lang='lat' dir='ltr'>doctis</span> <span class='ocrx_word' id='word_1_42' title='bbox 866 1022 901 1079; x_wconf 89' lang='lat' dir='ltr'>et</span> <span class='ocrx_word' id='word_1_43' title='bbox 922 1021 1050 1079; x_wconf 84' lang='lat' dir='ltr'>attente</span> 
     </span>
     <span class='ocr_line' id='line_1_8' title="bbox 133 1119 1049 1198; baseline 0 -14"><span class='ocrx_word' id='word_1_44' title='bbox 133 1120 353 1184; x_wconf 85' lang='lat' dir='ltr'>audientibus</span> <span class='ocrx_word' id='word_1_45' title='bbox 377 1126 448 1183; x_wconf 88' lang='lat' dir='ltr'>erat</span> <span class='ocrx_word' id='word_1_46' title='bbox 467 1119 620 1198; x_wconf 78' lang='lat' dir='ltr'>illustris3</span> <span class='ocrx_word' id='word_1_47' title='bbox 643 1140 665 1182; x_wconf 89' lang='lat' dir='ltr'>a</span> <span class='ocrx_word' id='word_1_48' title='bbox 690 1120 907 1184; x_wconf 90' lang='lat' dir='ltr'>multitudine</span> <span class='ocrx_word' id='word_1_49' title='bbox 934 1127 1049 1184; x_wconf 90' lang='lat' dir='ltr'>autem</span> 
     </span>
     <span class='ocr_line' id='line_1_9' title="bbox 133 1224 995 1307; baseline -0.002 -17"><span class='ocrx_word' id='word_1_50' title='bbox 133 1231 169 1290; x_wconf 89' lang='lat' dir='ltr'>et</span> <span class='ocrx_word' id='word_1_51' title='bbox 185 1247 206 1289; x_wconf 89' lang='lat' dir='ltr'>a</span> <span class='ocrx_word' id='word_1_52' title='bbox 220 1224 302 1303; x_wconf 83' lang='lat' dir='ltr'>fore,</span> <span class='ocrx_word' id='word_1_53' title='bbox 318 1225 373 1288; x_wconf 90' lang='lat' dir='ltr'>cui</span> <span class='ocrx_word' id='word_1_54' title='bbox 389 1231 470 1288; x_wconf 86' lang='lat' dir='ltr'>nata</span> <span class='ocrx_word' id='word_1_55' title='bbox 486 1224 677 1307; x_wconf 87' lang='lat' dir='ltr'>eloquentia</span> <span class='ocrx_word' id='word_1_56' title='bbox 693 1230 753 1305; x_wconf 88' lang='lat' dir='ltr'>est,</span> <span class='ocrx_word' id='word_1_57' title='bbox 769 1225 995 1290; x_wconf 83' lang='lat' dir='ltr'>devorabatur.</span> 
     </span>
     <span class='ocr_line' id='line_1_10' title="bbox 180 1329 1053 1413; baseline -0.001 -18"><span class='ocrx_word' id='word_1_58' title='bbox 180 1330 255 1395; x_wconf 84' lang='lat'><strong>284.</strong></span> <span class='ocrx_word' id='word_1_59' title='bbox 281 1330 371 1394; x_wconf 85' lang='lat' dir='ltr'>Turn</span> <span class='ocrx_word' id='word_1_60' title='bbox 393 1330 528 1408; x_wconf 91' lang='lat' dir='ltr'>Brutus,</span> <span class='ocrx_word' id='word_1_61' title='bbox 546 1331 699 1393; x_wconf 91' lang='lat' dir='ltr'>Atticum</span> <span class='ocrx_word' id='word_1_62' title='bbox 722 1352 768 1407; x_wconf 89' lang='lat' dir='ltr'>se,</span> <span class='ocrx_word' id='word_1_63' title='bbox 783 1331 901 1413; x_wconf 90' lang='lat' dir='ltr'>inquit,</span> <span class='ocrx_word' id='word_1_64' title='bbox 926 1329 1053 1394; x_wconf 83' lang='lat' dir='ltr'>Calvus</span> 
     </span>
     <span class='ocr_line' id='line_1_11' title="bbox 135 1434 1052 1501; baseline -0.004 0"><span class='ocrx_word' id='word_1_65' title='bbox 135 1442 250 1501; x_wconf 88' lang='lat' dir='ltr'>noster</span> <span class='ocrx_word' id='word_1_66' title='bbox 265 1434 331 1498; x_wconf 92' lang='lat' dir='ltr'>dici</span> <span class='ocrx_word' id='word_1_67' title='bbox 346 1440 509 1498; x_wconf 87' lang='lat' dir='ltr'>oratorem</span> <span class='ocrx_word' id='word_1_68' title='bbox 530 1434 672 1497; x_wconf 87' lang='lat' dir='ltr'>volebat</span> <span class='ocrx_word' id='word_1_69' title='bbox 718 1434 799 1499; x_wconf 92' lang='lat' dir='ltr'>Inde</span> <span class='ocrx_word' id='word_1_70' title='bbox 816 1441 885 1500; x_wconf 89' lang='lat' dir='ltr'>erat</span> <span class='ocrx_word' id='word_1_71' title='bbox 903 1435 970 1499; x_wconf 88' lang='lat' dir='ltr'>ista</span> <span class='ocrx_word' id='word_1_72' title='bbox 985 1435 1052 1497; x_wconf 85' lang='lat' dir='ltr'>exi·</span> 
     </span>
     <span class='ocr_line' id='line_1_12' title="bbox 134 1523 1052 1622; baseline -0.004 -16"><span class='ocrx_word' id='word_1_73' title='bbox 134 1542 225 1619; x_wconf 90' lang='lat' dir='ltr'>litas,</span> <span class='ocrx_word' id='word_1_74' title='bbox 249 1560 352 1622; x_wconf 87' lang='lat' dir='ltr'>quarn</span> <span class='ocrx_word' id='word_1_75' title='bbox 368 1539 422 1602; x_wconf 90' lang='lat' dir='ltr'>ille</span> <span class='ocrx_word' id='word_1_76' title='bbox 437 1539 479 1602; x_wconf 91' lang='lat' dir='ltr'>de</span> <span class='ocrx_word' id='word_1_77' title='bbox 499 1538 663 1602; x_wconf 88' lang='lat' dir='ltr'>industria</span> <span class='ocrx_word' id='word_1_78' title='bbox 685 1523 956 1622; x_wconf 88' lang='lat' dir='ltr'>consequebatur.</span> <span class='ocrx_word' id='word_1_79' title='bbox 994 1539 1052 1604; x_wconf 93' lang='lat' dir='ltr'>Di·</span> 
     </span>
     <span class='ocr_line' id='line_1_13' title="bbox 136 1642 1052 1728; baseline -0.003 -17"><span class='ocrx_word' id='word_1_80' title='bbox 136 1649 246 1724; x_wconf 89' lang='lat' dir='ltr'>cebat,</span> <span class='ocrx_word' id='word_1_81' title='bbox 260 1646 409 1727; x_wconf 88' lang='lat' dir='ltr'>inquam,</span> <span class='ocrx_word' id='word_1_82' title='bbox 431 1645 497 1707; x_wconf 89' lang='lat' dir='ltr'>ita:</span> <span class='ocrx_word' id='word_1_83' title='bbox 520 1642 578 1707; x_wconf 90' lang='lat' dir='ltr'>sed</span> <span class='ocrx_word' id='word_1_84' title='bbox 599 1648 634 1707; x_wconf 92' lang='lat' dir='ltr'>et</span> <span class='ocrx_word' id='word_1_85' title='bbox 655 1645 727 1728; x_wconf 89' lang='lat' dir='ltr'>ipse</span> <span class='ocrx_word' id='word_1_86' title='bbox 749 1646 887 1723; x_wconf 89' lang='lat' dir='ltr'>errabat,</span> <span class='ocrx_word' id='word_1_87' title='bbox 911 1651 945 1708; x_wconf 91' lang='lat' dir='ltr'>et</span> <span class='ocrx_word' id='word_1_88' title='bbox 966 1644 1052 1708; x_wconf 89' lang='lat' dir='ltr'>alios</span> 
     </span>
     <span class='ocr_line' id='line_1_14' title="bbox 136 1748 1053 1834; baseline -0.004 -18"><span class='ocrx_word' id='word_1_89' title='bbox 136 1752 243 1816; x_wconf 90' lang='lat' dir='ltr'>etiarn</span> <span class='ocrx_word' id='word_1_90' title='bbox 267 1771 369 1813; x_wconf 88' lang='lat' dir='ltr'>errare</span> <span class='ocrx_word' id='word_1_91' title='bbox 392 1750 542 1834; x_wconf 89' lang='lat' dir='ltr'>cogebat</span> <span class='ocrx_word' id='word_1_92' title='bbox 588 1748 677 1812; x_wconf 88' lang='lat' dir='ltr'>Nam</span> <span class='ocrx_word' id='word_1_93' title='bbox 694 1749 723 1810; x_wconf 92' lang='lat' dir='ltr'>si</span> <span class='ocrx_word' id='word_1_94' title='bbox 738 1749 813 1830; x_wconf 91' lang='lat' dir='ltr'>quis</span> <span class='ocrx_word' id='word_1_95' title='bbox 830 1769 896 1827; x_wconf 89' lang='lat' dir='ltr'>eos,</span> <span class='ocrx_word' id='word_1_96' title='bbox 911 1750 970 1831; x_wconf 92' lang='lat' dir='ltr'>qui</span> <span class='ocrx_word' id='word_1_97' title='bbox 990 1769 1053 1813; x_wconf 88' lang='lat' dir='ltr'>nec</span> 
     </span>
     <span class='ocr_line' id='line_1_15' title="bbox 136 1853 1054 1942; baseline -0.003 -21"><span class='ocrx_word' id='word_1_98' title='bbox 136 1858 251 1942; x_wconf 89' lang='lat' dir='ltr'>inepte</span> <span class='ocrx_word' id='word_1_99' title='bbox 267 1856 383 1919; x_wconf 90' lang='lat' dir='ltr'>dicunt</span> <span class='ocrx_word' id='word_1_100' title='bbox 398 1876 459 1918; x_wconf 91' lang='lat' dir='ltr'>nec</span> <span class='ocrx_word' id='word_1_101' title='bbox 475 1854 589 1917; x_wconf 92' lang='lat' dir='ltr'>odiose</span> <span class='ocrx_word' id='word_1_102' title='bbox 607 1874 669 1917; x_wconf 91' lang='lat' dir='ltr'>nec</span> <span class='ocrx_word' id='word_1_103' title='bbox 684 1853 810 1938; x_wconf 89' lang='lat' dir='ltr'>putide,</span> <span class='ocrx_word' id='word_1_104' title='bbox 827 1856 939 1918; x_wconf 84' lang='lat' dir='ltr'>Attice</span> <span class='ocrx_word' id='word_1_105' title='bbox 954 1859 1054 1939; x_wconf 91' lang='lat' dir='ltr'>putat</span> 
     </span>
     <span class='ocr_line' id='line_1_16' title="bbox 137 1958 1052 2043; baseline -0.002 -18"><span class='ocrx_word' id='word_1_106' title='bbox 137 1963 257 2041; x_wconf 83' lang='lat' dir='ltr'>dicere,</span> <span class='ocrx_word' id='word_1_107' title='bbox 283 1961 312 2023; x_wconf 90' lang='lat' dir='ltr'>is</span> <span class='ocrx_word' id='word_1_108' title='bbox 337 1965 424 2023; x_wconf 88' lang='lat' dir='ltr'>recte</span> <span class='ocrx_word' id='word_1_109' title='bbox 452 1959 516 2022; x_wconf 92' lang='lat' dir='ltr'>nisi</span> <span class='ocrx_word' id='word_1_110' title='bbox 545 1958 696 2022; x_wconf 88' lang='lat' dir='ltr'>Atticum</span> <span class='ocrx_word' id='word_1_111' title='bbox 728 1960 846 2043; x_wconf 91' lang='lat' dir='ltr'>probat</span> <span class='ocrx_word' id='word_1_112' title='bbox 874 1960 1052 2023; x_wconf 88' lang='lat' dir='ltr'>neminem.</span> 
     </span>
     <span class='ocr_line' id='line_1_17' title="bbox 139 2063 1052 2146; baseline -0.002 -16"><span class='ocrx_word' id='word_1_113' title='bbox 139 2066 371 2131; x_wconf 75' lang='lat' dir='ltr'>insulsitatem</span> <span class='ocrx_word' id='word_1_114' title='bbox 386 2064 477 2128; x_wconf 89' lang='lat' dir='ltr'>enirn</span> <span class='ocrx_word' id='word_1_115' title='bbox 493 2069 527 2126; x_wconf 85' lang='lat' dir='ltr'>et</span> <span class='ocrx_word' id='word_1_116' title='bbox 542 2063 757 2127; x_wconf 88' lang='lat' dir='ltr'>insolentiam</span> <span class='ocrx_word' id='word_1_117' title='bbox 771 2069 948 2146; x_wconf 89' lang='lat' dir='ltr'>tamquam</span> <span class='ocrx_word' id='word_1_118' title='bbox 963 2064 1052 2128; x_wconf 85' lang='lat' dir='ltr'>insa-</span> 
     </span>
     <span class='ocr_line' id='line_1_18' title="bbox 137 2168 1051 2252; baseline -0.001 -17"><span class='ocrx_word' id='word_1_119' title='bbox 137 2172 232 2236; x_wconf 89' lang='lat' dir='ltr'>niam</span> <span class='ocrx_word' id='word_1_120' title='bbox 249 2169 421 2252; x_wconf 89' lang='lat' dir='ltr'>quandam</span> <span class='ocrx_word' id='word_1_121' title='bbox 437 2169 595 2232; x_wconf 90' lang='lat' dir='ltr'>orationis</span> <span class='ocrx_word' id='word_1_122' title='bbox 620 2168 709 2231; x_wconf 91' lang='lat' dir='ltr'>odit:</span> <span class='ocrx_word' id='word_1_123' title='bbox 732 2169 912 2233; x_wconf 89' lang='lat' dir='ltr'>sanitatem</span> <span class='ocrx_word' id='word_1_124' title='bbox 937 2175 1051 2235; x_wconf 89' lang='lat' dir='ltr'>autem</span> 
     </span>
     <span class='ocr_line' id='line_1_19' title="bbox 137 2272 1052 2359; baseline -0.001 -19"><span class='ocrx_word' id='word_1_125' title='bbox 137 2281 175 2340; x_wconf 88' lang='lat' dir='ltr'>et</span> <span class='ocrx_word' id='word_1_126' title='bbox 195 2274 423 2359; x_wconf 87' lang='lat' dir='ltr'>integritatem</span> <span class='ocrx_word' id='word_1_127' title='bbox 441 2273 539 2355; x_wconf 92' lang='lat' dir='ltr'>quasi</span> <span class='ocrx_word' id='word_1_128' title='bbox 560 2272 754 2357; x_wconf 88' lang='lat' dir='ltr'>religionem</span> <span class='ocrx_word' id='word_1_129' title='bbox 770 2280 805 2337; x_wconf 90' lang='lat' dir='ltr'>et</span> <span class='ocrx_word' id='word_1_130' title='bbox 819 2274 1052 2339; x_wconf 88' lang='lat' dir='ltr'>verecundiam</span> 
     </span>
     <span class='ocr_line' id='line_1_20' title="bbox 138 2376 1052 2463; baseline -0.001 -18"><span class='ocrx_word' id='word_1_131' title='bbox 138 2380 278 2445; x_wconf 89' lang='lat' dir='ltr'>oratoris</span> <span class='ocrx_word' id='word_1_132' title='bbox 301 2380 427 2463; x_wconf 87' lang='lat' dir='ltr'>probat</span> <span class='ocrx_word' id='word_1_133' title='bbox 474 2376 568 2441; x_wconf 90' lang='lat' dir='ltr'>Haec</span> <span class='ocrx_word' id='word_1_134' title='bbox 590 2378 742 2441; x_wconf 90' lang='lat' dir='ltr'>omnium</span> <span class='ocrx_word' id='word_1_135' title='bbox 763 2378 861 2443; x_wconf 90' lang='lat' dir='ltr'>debet</span> <span class='ocrx_word' id='word_1_136' title='bbox 885 2385 1052 2445; x_wconf 88' lang='lat' dir='ltr'>oratorum</span> 
     </span>
     <span class='ocr_line' id='line_1_21' title="bbox 139 2480 1054 2569; baseline 0 -20"><span class='ocrx_word' id='word_1_137' title='bbox 139 2485 261 2549; x_wconf 89' lang='lat' dir='ltr'>eadem</span> <span class='ocrx_word' id='word_1_138' title='bbox 291 2504 363 2547; x_wconf 89' lang='lat' dir='ltr'>esse</span> <span class='ocrx_word' id='word_1_139' title='bbox 394 2482 567 2546; x_wconf 86' lang='lat' dir='ltr'>sententia.</span> <span class='ocrx_word' id='word_1_140' title='bbox 624 2480 698 2544; x_wconf 80' lang='lat'><strong>285.</strong></span> <span class='ocrx_word' id='word_1_141' title='bbox 731 2482 792 2546; x_wconf 83' lang='lat' dir='ltr'>Sin</span> <span class='ocrx_word' id='word_1_142' title='bbox 827 2490 942 2548; x_wconf 90' lang='lat' dir='ltr'>autem</span> <span class='ocrx_word' id='word_1_143' title='bbox 971 2485 1054 2569; x_wconf 91' lang='lat' dir='ltr'>jeju·</span> 
     </span>
     <span class='ocr_line' id='line_1_22' title="bbox 138 2586 1055 2670; baseline 0 -17"><span class='ocrx_word' id='word_1_144' title='bbox 138 2591 283 2654; x_wconf 88' lang='lat' dir='ltr'>nitatem</span> <span class='ocrx_word' id='word_1_145' title='bbox 304 2594 339 2651; x_wconf 89' lang='lat' dir='ltr'>et</span> <span class='ocrx_word' id='word_1_146' title='bbox 360 2587 545 2650; x_wconf 89' lang='lat' dir='ltr'>siccitatem</span> <span class='ocrx_word' id='word_1_147' title='bbox 568 2592 602 2649; x_wconf 87' lang='lat' dir='ltr'>et</span> <span class='ocrx_word' id='word_1_148' title='bbox 624 2586 784 2670; x_wconf 88' lang='lat' dir='ltr'>inopiam,</span> <span class='ocrx_word' id='word_1_149' title='bbox 804 2586 989 2652; x_wconf 89' lang='lat' dir='ltr'>dummodo</span> <span class='ocrx_word' id='word_1_150' title='bbox 1010 2591 1055 2654; x_wconf 89' lang='lat' dir='ltr'>sit</span> 
     </span>
     <span class='ocr_line' id='line_1_23' title="bbox 138 2689 1054 2780; baseline -0.001 -23"><span class='ocrx_word' id='word_1_151' title='bbox 138 2693 248 2780; x_wconf 89' lang='lat' dir='ltr'>polita</span> <span class='ocrx_word' id='word_1_152' title='bbox 285 2693 368 2757; x_wconf 89' lang='lat' dir='ltr'>dum</span> <span class='ocrx_word' id='word_1_153' title='bbox 402 2692 531 2755; x_wconf 90' lang='lat' dir='ltr'>urbana</span> <span class='ocrx_word' id='word_1_154' title='bbox 567 2689 649 2753; x_wconf 91' lang='lat' dir='ltr'>dum</span> <span class='ocrx_word' id='word_1_155' title='bbox 686 2690 831 2775; x_wconf 87' lang='lat' dir='ltr'>elegans,</span> <span class='ocrx_word' id='word_1_156' title='bbox 863 2692 899 2753; x_wconf 94' lang='lat' dir='ltr'>in</span> <span class='ocrx_word' id='word_1_157' title='bbox 940 2692 1054 2757; x_wconf 85' lang='lat' dir='ltr'>Attico</span> 
     </span>
     <span class='ocr_line' id='line_1_24' title="bbox 140 2795 1054 2885; baseline 0 -24"><span class='ocrx_word' id='word_1_158' title='bbox 140 2819 262 2885; x_wconf 89' lang='lat' dir='ltr'>genere</span> <span class='ocrx_word' id='word_1_159' title='bbox 299 2797 402 2882; x_wconf 91' lang='lat' dir='ltr'>ponit,</span> <span class='ocrx_word' id='word_1_160' title='bbox 437 2796 500 2858; x_wconf 90' lang='lat' dir='ltr'>hoc</span> <span class='ocrx_word' id='word_1_161' title='bbox 535 2802 622 2859; x_wconf 88' lang='lat' dir='ltr'>recte</span> <span class='ocrx_word' id='word_1_162' title='bbox 659 2795 844 2859; x_wconf 86' lang='lat' dir='ltr'>duntaxat:</span> <span class='ocrx_word' id='word_1_163' title='bbox 878 2797 936 2860; x_wconf 91' lang='lat' dir='ltr'>sed</span> <span class='ocrx_word' id='word_1_164' title='bbox 973 2799 1054 2879; x_wconf 88' lang='lat' dir='ltr'>quia</span> 
     </span>
    </p>
   </div>
   <div class='ocr_carea' id='block_1_3' title="bbox 140 2899 1176 2987">
    <p class='ocr_par' dir='ltr' id='par_1_3' title="bbox 140 2899 1176 2987">
     <span class='ocr_line' id='line_1_25' title="bbox 140 2899 1176 2987; baseline -0.004 -20"><span class='ocrx_word' id='word_1_165' title='bbox 140 2910 221 2967; x_wconf 85' lang='lat' dir='ltr'>sont</span> <span class='ocrx_word' id='word_1_166' title='bbox 250 2903 286 2964; x_wconf 94' lang='lat' dir='ltr'>in</span> <span class='ocrx_word' id='word_1_167' title='bbox 314 2901 435 2965; x_wconf 84' lang='lat' dir='ltr'>Atticis</span> <span class='ocrx_word' id='word_1_168' title='bbox 465 2899 531 2963; x_wconf 89' lang='lat' dir='ltr'>alia</span> <span class='ocrx_word' id='word_1_169' title='bbox 560 2899 707 2979; x_wconf 90' lang='lat' dir='ltr'>meliora,</span> <span class='ocrx_word' id='word_1_170' title='bbox 737 2901 858 2981; x_wconf 83' lang='lat' dir='ltr'>videat,</span> <span class='ocrx_word' id='word_1_171' title='bbox 889 2923 930 2965; x_wconf 93' lang='lat' dir='ltr'>ne</span> <span class='ocrx_word' id='word_1_172' title='bbox 959 2903 1053 2987; x_wconf 87' lang='lat' dir='ltr'>igno·</span> <span class='ocrx_word' id='word_1_173' title='bbox 1169 2954 1176 2971; x_wconf 83' lang='lat'><strong>.</strong></span> 
     </span>
    </p>
   </div>
   <div class='ocr_carea' id='block_1_4' title="bbox 139 3004 1056 3618">
    <p class='ocr_par' dir='ltr' id='par_1_4' title="bbox 139 3004 1056 3618">
     <span class='ocr_line' id='line_1_26' title="bbox 140 3004 1054 3090; baseline 0 -19"><span class='ocrx_word' id='word_1_174' title='bbox 140 3014 190 3072; x_wconf 86' lang='lat' dir='ltr'>ret</span> <span class='ocrx_word' id='word_1_175' title='bbox 224 3012 259 3070; x_wconf 90' lang='lat' dir='ltr'>et</span> <span class='ocrx_word' id='word_1_176' title='bbox 292 3005 415 3090; x_wconf 88' lang='lat' dir='ltr'>gradus</span> <span class='ocrx_word' id='word_1_177' title='bbox 452 3009 486 3068; x_wconf 93' lang='lat' dir='ltr'>et</span> <span class='ocrx_word' id='word_1_178' title='bbox 523 3004 812 3069; x_wconf 87' lang='lat' dir='ltr'>dissimilitudines</span> <span class='ocrx_word' id='word_1_179' title='bbox 844 3012 879 3071; x_wconf 91' lang='lat' dir='ltr'>et</span> <span class='ocrx_word' id='word_1_180' title='bbox 914 3009 982 3070; x_wconf 85' lang='lat' dir='ltr'>vim</span> <span class='ocrx_word' id='word_1_181' title='bbox 1020 3013 1054 3072; x_wconf 88' lang='lat' dir='ltr'>et</span> 
     </span>
     <span class='ocr_line' id='line_1_27' title="bbox 139 3110 1055 3194; baseline -0.003 -15"><span class='ocrx_word' id='word_1_182' title='bbox 139 3116 338 3179; x_wconf 87' lang='lat' dir='ltr'>varietatem</span> <span class='ocrx_word' id='word_1_183' title='bbox 357 3112 554 3176; x_wconf 83' lang='lat' dir='ltr'>Atticorum.</span> <span class='ocrx_word' id='word_1_184' title='bbox 598 3110 737 3189; x_wconf 88' lang='lat' dir='ltr'>Atticos,</span> <span class='ocrx_word' id='word_1_185' title='bbox 752 3112 870 3194; x_wconf 84' lang='lat' dir='ltr'>inquit,</span> <span class='ocrx_word' id='word_1_186' title='bbox 885 3113 960 3176; x_wconf 89' lang='lat' dir='ltr'>volo</span> <span class='ocrx_word' id='word_1_187' title='bbox 981 3114 1055 3176; x_wconf 90' lang='lat' dir='ltr'>irni-</span> 
     </span>
     <span class='ocr_line' id='line_1_28' title="bbox 140 3216 1054 3302; baseline -0.002 -17"><span class='ocrx_word' id='word_1_188' title='bbox 140 3221 214 3285; x_wconf 89' lang='lat' dir='ltr'>tari.</span> <span class='ocrx_word' id='word_1_189' title='bbox 264 3216 385 3295; x_wconf 77' lang='lat' dir='ltr'>Quos?</span> <span class='ocrx_word' id='word_1_190' title='bbox 409 3237 470 3279; x_wconf 91' lang='lat' dir='ltr'>nec</span> <span class='ocrx_word' id='word_1_191' title='bbox 492 3216 581 3278; x_wconf 91' lang='lat' dir='ltr'>enirn</span> <span class='ocrx_word' id='word_1_192' title='bbox 605 3219 784 3279; x_wconf 82' lang='lat' dir='ltr'>estunam</span> <span class='ocrx_word' id='word_1_193' title='bbox 807 3239 921 3302; x_wconf 87' lang='lat' dir='ltr'>genus.</span> <span class='ocrx_word' id='word_1_194' title='bbox 963 3219 1054 3283; x_wconf 89' lang='lat' dir='ltr'>Nam</span> 
     </span>
     <span class='ocr_line' id='line_1_29' title="bbox 141 3319 1056 3407; baseline -0.002 -19"><span class='ocrx_word' id='word_1_195' title='bbox 141 3323 225 3407; x_wconf 90' lang='lat' dir='ltr'>quid</span> <span class='ocrx_word' id='word_1_196' title='bbox 253 3327 304 3386; x_wconf 88' lang='lat' dir='ltr'>est</span> <span class='ocrx_word' id='word_1_197' title='bbox 329 3326 401 3385; x_wconf 89' lang='lat' dir='ltr'>tam</span> <span class='ocrx_word' id='word_1_198' title='bbox 429 3319 591 3383; x_wconf 87' lang='lat' dir='ltr'>dissimile</span> <span class='ocrx_word' id='word_1_199' title='bbox 618 3340 723 3402; x_wconf 90' lang='lat' dir='ltr'>quarn</span> <span class='ocrx_word' id='word_1_200' title='bbox 748 3320 990 3386; x_wconf 89' lang='lat' dir='ltr'>Demosthenes</span> <span class='ocrx_word' id='word_1_201' title='bbox 1022 3330 1056 3388; x_wconf 90' lang='lat' dir='ltr'>et</span> 
     </span>
     <span class='ocr_line' id='line_1_30' title="bbox 143 3424 1056 3514; baseline -0.002 -20"><span class='ocrx_word' id='word_1_202' title='bbox 143 3426 291 3514; x_wconf 77' lang='lat' dir='ltr'>Lysias?</span> <span class='ocrx_word' id='word_1_203' title='bbox 313 3447 416 3510; x_wconf 91' lang='lat' dir='ltr'>quam</span> <span class='ocrx_word' id='word_1_204' title='bbox 431 3424 534 3488; x_wconf 89' lang='lat' dir='ltr'>iidem</span> <span class='ocrx_word' id='word_1_205' title='bbox 550 3429 584 3488; x_wconf 91' lang='lat' dir='ltr'>et</span> <span class='ocrx_word' id='word_1_206' title='bbox 600 3424 807 3511; x_wconf 76' lang='lat' dir='ltr'>Hyperides?</span> <span class='ocrx_word' id='word_1_207' title='bbox 829 3449 932 3510; x_wconf 90' lang='lat' dir='ltr'>quam</span> <span class='ocrx_word' id='word_1_208' title='bbox 950 3430 1056 3493; x_wconf 90' lang='lat' dir='ltr'>omni·</span> 
     </span>
     <span class='ocr_line' id='line_1_31' title="bbox 142 3529 1056 3618; baseline -0.001 -18"><span class='ocrx_word' id='word_1_209' title='bbox 142 3556 203 3600; x_wconf 90' lang='lat' dir='ltr'>um</span> <span class='ocrx_word' id='word_1_210' title='bbox 239 3534 358 3597; x_wconf 91' lang='lat' dir='ltr'>horum</span> <span class='ocrx_word' id='word_1_211' title='bbox 396 3529 601 3598; x_wconf 77' lang='lat' dir='ltr'>Aeschines?</span> <span class='ocrx_word' id='word_1_212' title='bbox 660 3529 773 3609; x_wconf 73' lang='lat' dir='ltr'>Quem</span> <span class='ocrx_word' id='word_1_213' title='bbox 809 3532 911 3618; x_wconf 90' lang='lat' dir='ltr'>igitur</span> <span class='ocrx_word' id='word_1_214' title='bbox 946 3533 1056 3599; x_wconf 82' lang='lat' dir='ltr'>inrita·</span> 
     </span>
    </p>
   </div>
   <div class='ocr_carea' id='block_1_5' title="bbox 0 0 1289 4117">
    <p class='ocr_par' dir='ltr' id='par_1_5' title="bbox 0 0 1289 4117">
     <span class='ocr_line' id='line_1_32' title="bbox 0 0 1289 4117; baseline 0 0"><span class='ocrx_word' id='word_1_215' title='bbox 0 0 1289 4117; x_wconf 95' lang='lat' dir='ltr'> </span> 
     </span>
    </p>
   </div>
  </div>
 </body>
</html>
