2542 4117
441 332 578 378 saunas.
623 334 694 380 oar.
717 335 771 380 rx.
1022 314 1066 381 79

150 502 267 548 esrum
284 483 422 549 omnino
439 485 520 549 nihil
535 493 682 571 poterat:
704 487 739 552 iu
760 509 959 573 quacunque
974 490 1066 555 enim

149 610 220 656 una
236 589 336 675 plane
351 589 528 670 clauderet,
540 599 649 656 orator
663 614 736 657 esse
751 615 818 658 non
835 601 955 679 posset
991 595 1066 660 215.

154 693 223 759 Sed
245 701 362 760 tamen
386 695 472 760 alius
491 697 526 760 in
543 684 610 761 alia
626 697 807 763 excellebat
828 701 955 784 magis:
976 720 1067 785 repe·

147 801 266 879 nebat,
281 799 364 883 quid
385 800 451 864 dici
473 822 557 886 opus
573 809 662 866 esset
684 810 719 867 et
741 804 910 886 quomodo
929 826 1067 891 praepa·

148 907 215 970 rari
238 912 273 969 et
298 926 367 987 quo
391 905 466 970 loco
487 905 597 981 locari,
612 908 841 991 memoriaque
859 929 900 973 ea
920 930 1068 995 compre·

150 1010 321 1075 hendebat
345 1011 531 1075 Antonius:
553 1012 735 1077 excellebat
767 1021 882 1078 autem
916 1015 1066 1079 actione:

150 1123 313 1199 erantque
337 1118 369 1180 ei
392 1117 560 1200 quaedam
582 1139 623 1181 ex
649 1119 701 1182 his
723 1118 815 1203 paria
837 1141 915 1184 cum
945 1120 1066 1185 Crasso

150 1222 319 1305 quaedam
336 1223 439 1286 etiam
454 1224 641 1307 superiora:
660 1230 697 1288 at
714 1224 826 1289 Crassi
840 1226 949 1312 magis
964 1227 1067 1290 enite-

151 1330 211 1392 bat
233 1329 348 1391 oratio.
395 1327 467 1392 Nee
482 1349 559 1391 vero
577 1328 727 1415 Sulpicio
750 1351 858 1414 neque
877 1332 997 1395 Cottae
1018 1332 1067 1396 di-

151 1454 223 1496 cere
247 1453 428 1517 possumus
450 1454 558 1516 neque
581 1434 738 1517 cuiquam
755 1437 844 1500 bono
859 1438 981 1501 oratori
995 1458 1066 1502 rem

152 1538 258 1602 ullam
274 1560 315 1601 ex
330 1538 393 1602 illis
408 1539 557 1622 quinque
572 1541 721 1622 partibus
732 1539 831 1624 plane
846 1546 948 1624 atque
959 1542 1067 1606 omni·

153 1665 197 1708 no
224 1643 380 1707 defuisse.
424 1642 498 1707 216.
530 1644 648 1727 ltaque
677 1644 713 1707 in
746 1645 891 1709 Curione
921 1647 985 1710 hoc
1013 1667 1068 1710 ve·

151 1750 281 1813 tissime
303 1748 443 1833 judicari
469 1755 580 1834 potest
603 1748 697 1813 nulla
718 1770 753 1813 re
774 1770 843 1813 una
865 1751 975 1835 magis
997 1772 1068 1814 ora·

152 1861 260 1919 torem
282 1854 510 1918 commendari
530 1875 633 1937 quam
650 1854 823 1917 verborum
839 1853 1010 1939 splendore
1033 1861 1068 1920 et

152 1960 269 2045 copia:
299 1981 379 2024 narn
406 1980 484 2023 cum
513 1959 627 2023 tardus
657 1959 693 2023 in
723 1958 904 2043 cogitando
927 1965 1001 2023 tum
1031 1960 1068 2024 in

152 2063 348 2129 instruendo
381 2064 562 2149 dissipatus
595 2062 668 2127 suit
723 2062 796 2127 LX.
827 2062 969 2146 Reliqua
998 2064 1067 2130 duo

152 2177 233 2235 sunt
255 2191 353 2255 agere
375 2176 409 2233 et
431 2168 642 2233 meminisse:
667 2169 702 2232 in
726 2174 865 2252 unoque
888 2169 1068 2234 cachinnos

151 2274 360 2339 irridentium
383 2275 625 2338 commovebat
673 2272 788 2338 Motus
810 2280 880 2338 erat
904 2274 943 2353 is,
965 2295 1067 2358 quem

151 2388 187 2446 et
213 2381 253 2444 C.
267 2380 376 2445 Julius
398 2380 434 2443 in
457 2385 653 2464 perpetuum
670 2379 808 2458 notavit,
823 2401 902 2443 eum
917 2401 957 2443 ex
973 2401 1014 2444 eo
1032 2381 1067 2445 iu

152 2498 331 2569 utramque
353 2492 481 2570 partem
504 2490 576 2549 toto
599 2505 733 2569 corpore
747 2485 923 2548 vacillante
938 2486 1069 2567 quaesi·

150 2595 212 2673 vit,
223 2594 296 2674 qais
312 2595 520 2677 toquereture
536 2590 658 2655 lintre?
673 2596 707 2653 et
722 2590 782 2654 Cn.
797 2589 953 2668 Sicinius,
966 2591 1068 2654 homo

59 2765 62 2780 ,
152 2702 306 2784 impurus
322 2698 381 2762 sed
403 2696 587 2761 admodum
610 2694 777 2774 ridiculus,
794 2715 901 2777 neque
917 2695 1008 2759 aliud
1032 2697 1068 2760 in

152 2828 195 2870 ec
211 2806 348 2869 oratoris
364 2805 471 2869 simile
489 2803 684 2886 quidquam.
727 2801 801 2865 217.
827 2802 860 2866 Is
875 2824 952 2866 cum
968 2803 1069 2867 tribu·

153 2933 218 2977 nus
234 2911 339 2997 plebis
359 2910 538 2974 Curionem
562 2915 596 2972 et
620 2908 802 2973 Octavium
825 2908 978 2971 consules
997 2928 1070 2992 pro·

153 3018 315 3097 duxisset,
341 3016 509 3098 Curioque
536 3014 644 3078 multa
670 3013 808 3077 dixisset
837 3012 973 3075 sedente
1007 3012 1069 3075 Cn.
1131 3085 1134 3096 1

156 3123 302 3188 Octavio
317 3121 454 3207 collega,
465 3121 524 3203 qui
539 3119 713 3182 devinctus
726 3123 795 3181 erat
809 3116 922 3204 fasciis
937 3123 972 3180 et
986 3116 1071 3181 mul·

152 3233 199 3296 tis
215 3229 470 3294 medicamentis
485 3232 616 3311 propter
631 3223 778 3288 dolorem
796 3229 929 3286 artuum
945 3222 1070 3288 delibu-

152 3343 221 3415 tus,
236 3335 415 3415 Nunquam,
427 3332 544 3415 inquit,
563 3329 688 3407 Octavi,
700 3329 843 3413 collegae
859 3335 912 3392 tao
924 3329 1069 3412 gratiam

152 3446 300 3527 referes;
322 3442 377 3521 aaa·
399 3439 465 3504 nisi
479 3457 513 3502 se
530 3456 588 3502 sao
609 3454 696 3500 more
705 3434 907 3519 jactavisset,
923 3432 1015 3497 hodie
1038 3442 1069 3500 tc

153 3549 228 3616 istic
252 3566 379 3613 muscae
410 3542 626 3611 comedissent.
682 3538 847 3604 Memoria
877 3544 991 3606 autem
1020 3540 1070 3606 ita
