2542 4117
384 323 520 367 saurus.
565 321 775 366 cccxxxiv.
988 298 1033 366 45

117 479 245 544 choata
270 475 386 551 multa,
416 473 560 562 perfecta
588 496 656 539 non
689 474 796 560 plane.
842 473 1033 562 Legendns,

116 585 276 667 inquam,
291 588 342 646 est
358 582 412 645 hic
435 586 552 660 orator,
568 580 682 659 Brute,
697 580 727 644 si
746 580 923 663 quisquam
939 580 1035 661 alius,

113 688 301 774 juventuti.
346 685 427 750 Non
454 685 543 749 enim
572 684 681 749 solum
708 706 825 750 acuere
849 684 908 749 sed
932 686 1036 749 etiam

119 793 210 859 alere
226 792 401 877 ingenium
417 796 536 875 potest

168 898 244 962 127.
268 896 360 961 Huic
388 895 547 959 successit
576 894 680 958 aetati
712 894 749 959 C.
781 893 901 975 Galba,
932 893 1038 959 Servii

120 1003 215 1068 illius
231 1000 494 1084 eloquentissimi
515 999 576 1063 viri
590 998 688 1079 filius,
706 999 740 1063 P.
758 999 869 1064 Crassi
884 998 1039 1082 eloquen-

120 1109 168 1173 tis
185 1114 220 1171 et
240 1106 322 1192 juris
338 1105 434 1190 periti
448 1125 556 1190 gener.
601 1103 806 1169 Laudabant
825 1106 914 1170 hunc
928 1111 1038 1191 patres

123 1212 241 1291 nostri,
257 1210 413 1275 favebant
432 1210 535 1273 etiam
558 1214 689 1294 propter
710 1211 811 1295 patris
832 1210 1038 1287 memoriam,

124 1317 187 1383 sed
214 1315 335 1379 cecidit
358 1315 394 1378 in
420 1334 527 1378 cursu.
573 1313 665 1377 Nam
686 1316 857 1399 rogatione
883 1314 1039 1379 Mamilia
1119 1395 1122 1406 Κ

123 1421 348 1507 ,Iugurthinae
371 1418 609 1503 conjurationis
630 1417 769 1498 invidia,
783 1440 861 1484 cum
884 1440 942 1505 pro
966 1440 1039 1484 sess

126 1528 202 1613 ipse
226 1525 372 1603 dixisset,
398 1543 574 1608 oppressus
601 1529 662 1586 est
706 1522 828 1587 Exstat
853 1524 924 1608 ejus
949 1544 1041 1610 pero·

127 1632 224 1710 ratic,
244 1629 303 1713 qui
330 1627 482 1713 epilogus
505 1627 634 1706 dicitur,
657 1627 716 1710 qui
740 1632 837 1692 tanto
858 1629 893 1692 in
917 1628 1041 1693 honore

129 1736 243 1822 pueris
273 1733 369 1797 nobis
398 1738 477 1811 erat,
505 1736 545 1795 ut
573 1751 653 1795 eum
679 1731 782 1795 etiarn
811 1732 1041 1797 edisseremus.

130 1840 209 1919 Hic,
238 1839 297 1921 qui
323 1838 359 1901 in
386 1836 525 1921 collegio
552 1834 762 1899 sacerdotum
792 1840 889 1915 esset,
915 1837 1042 1921 primns

129 1949 210 2032 post
233 1942 380 2007 Romam
400 1940 571 2004 conditam
589 1939 718 2023 judicio
739 1939 871 2025 publico
893 1946 945 2005 est
965 1961 1043 2005 con·

131 2050 322 2114 demnatus.
367 2043 533 2109 XXXIV.
576 2042 650 2108 128.
674 2044 709 2108 Ρ.
728 2043 851 2130 Scipio,
866 2045 924 2128 qui
939 2051 989 2109 est
1006 2045 1043 2109 iu

130 2152 313 2219 consulatu
335 2156 495 2228 mortuus,
511 2169 579 2213 nou
593 2147 739 2213 multum
753 2149 808 2213 ille
823 2149 959 2233 quidem
981 2171 1044 2216 nec

131 2279 235 2344 saepe
251 2257 392 2334 dicebat,
407 2254 466 2318 sed
481 2259 515 2318 et
537 2254 660 2319 Latine
673 2254 839 2339 loquendo
855 2257 959 2322 cuivis
974 2263 1045 2323 erat

132 2385 204 2450 par,
225 2367 260 2425 et
281 2380 398 2425 omnes
420 2358 488 2423 sale
510 2356 704 2442 facetiisque
726 2364 914 2447 superabat
959 2362 1044 2448 Ejus

133 2469 265 2553 collega
288 2466 330 2530 L.
353 2464 470 2530 Bestia
496 2464 592 2528 bonis
613 2464 717 2528 initiis
739 2486 832 2530 orsus
857 2467 1045 2533 tribunatus

136 2575 234 2662 (nam
257 2571 294 2635 P.
318 2568 496 2655 Popillium
510 2568 544 2631 vi
562 2567 599 2632 G.
617 2568 763 2633 Gracchi
784 2570 960 2655 expulsum
983 2592 1046 2638 sua

134 2677 311 2764 rogatione
331 2674 502 2759 restituit),
517 2673 566 2736 vir
580 2679 615 2737 et
628 2694 703 2737 acer
723 2680 757 2738 et
778 2695 846 2738 non
859 2675 1046 2758 indisertus,

135 2785 249 2848 tristes
265 2781 374 2845 exitus
388 2778 507 2843 habuit
527 2776 730 2843 consulatus.
775 2778 866 2844 Nam
882 2781 1047 2847 invidiosa

136 2888 213 2974 lege
230 2884 384 2951 Mamilia
407 2883 602 2967 quaestione
621 2883 659 2948 C.
675 2882 819 2950 Galbam
843 2886 1047 2952 sacerdotem

139 3000 175 3057 et
184 2997 327 3076 quatuor
336 2986 535 3067 consulares,
546 2987 584 3051 L.
598 2987 748 3053 Bestiam
763 2989 800 3054 C.
813 2990 976 3055 Catonern
989 2990 1047 3076 Sp.

141 3097 306 3164 Albinum
323 3094 496 3175 civemque
519 3093 843 3178 praestantissimum
861 3094 899 3159 In
919 3094 1048 3180 Opimi·

139 3222 201 3267 um
227 3198 369 3264 Gracchi
389 3195 631 3261 interfectorem
655 3217 676 3260 a
699 3196 824 3283 populo
847 3198 1048 3282 absolutum,

140 3326 221 3370 cum
235 3304 265 3368 is
279 3308 394 3367 contra
405 3301 520 3387 populi
535 3300 685 3366 studium
696 3303 849 3384 stetisset,
863 3304 1050 3371 Gracchani

138 3410 270 3498 judices
300 3406 512 3473 sustulemnt.
570 3404 644 3470 129.
675 3405 787 3492 Hujus
816 3408 985 3473 dissimilis
1014 3411 1050 3476 iu

142 3516 317 3582 tribunatu
339 3512 531 3597 reliquaque
560 3511 654 3576 omui
681 3512 752 3578 vita
774 3514 855 3580 civis
879 3514 1050 3601 improbus
