2542 4117
471 354 607 398 auarus.
651 354 722 398 aar.
744 354 788 397 rr.
1055 332 1077 398 5

161 512 259 571 sunt:
283 507 331 572 sic
351 511 428 592 post
448 528 556 571 rerum
580 513 767 572 nostrarum
788 512 823 571 et
844 508 1077 572 communium

161 613 377 697 gravissimos
411 633 510 675 casus
541 613 623 676 nibil
658 619 737 677 ante
770 612 946 698 epistolam
980 612 1076 676 Bruti

160 718 244 780 mibi
268 717 401 804 accidit,
427 717 517 801 quod
540 717 669 797 vellem,
699 724 760 781 aut
781 718 871 802 quod
895 718 1008 801 aliqua
1037 739 1078 781 ex

161 828 255 907 parte
290 803 530 886 sollieitudines
564 823 722 887 allevaret
752 844 855 887 meae.
906 822 958 888 13.
987 822 1078 887 Tum

82 1012 84 1016 y
162 927 298 1006 Brutus,
325 926 430 992 Volui
450 927 486 992 id
508 928 645 1012 quidem
664 927 792 992 efficere
813 934 909 1007 certe,
924 934 959 992 et
980 929 1080 1012 capio

160 1053 328 1117 magnum
353 1031 507 1113 fructum,
522 1034 551 1096 si
575 1033 722 1117 quidem,
743 1033 833 1116 quod
856 1033 956 1113 volui,
982 1038 1079 1097 tanta

159 1137 196 1200 in
220 1158 255 1200 re
281 1144 481 1201 consecutus
511 1159 597 1201 sum.
646 1138 714 1202 Sed
744 1140 825 1202 scire
855 1139 965 1224 cupio,
990 1158 1077 1221 quae

160 1247 196 1305 te
225 1242 331 1305 Attici
356 1242 472 1306 literae
499 1241 745 1306 delectaverint
800 1242 891 1307 Istae
917 1264 1003 1322 vero,
1027 1242 1077 1305 in·

160 1368 276 1429 quam,
315 1346 428 1426 Brute,
465 1367 534 1411 non
565 1346 669 1411 modo
703 1347 959 1412 delectationem
994 1346 1077 1410 mibi

161 1452 219 1517 sed
244 1453 357 1531 etiam,
380 1459 420 1517 ut
446 1474 550 1537 spero,
567 1452 717 1537 salmom
740 1452 931 1526 attulerunt
978 1451 1077 1517 Salu-

159 1555 255 1621 tem?
295 1558 405 1640 inquit
449 1555 512 1620 ille.
573 1556 758 1635 Quodnam
797 1557 936 1621 tandem
969 1577 1077 1643 genus
1137 1571 1139 1580 ‘

160 1662 336 1757 Qlaffi
360 1662 564 1747 praeclarum
586 1663 755 1726 literarum
776 1661 864 1727 suit?
912 1663 967 1727 Au
993 1663 1077 1726 mihi
1156 1643 1161 1650 ⁴

160 1769 282 1853 potuit,
297 1769 445 1850 inquam,
457 1788 529 1831 esse
545 1774 606 1831 aut
620 1769 743 1854 gratior
756 1767 826 1831 ulla
841 1767 1002 1831 salutatio
1017 1774 1079 1831 aut

161 1873 206 1936 ad
231 1874 294 1936 boe
311 1877 445 1958 tempus
467 1874 576 1958 aptior
597 1894 702 1955 quam
724 1872 813 1936 illius
835 1871 918 1946 libri,
933 1892 1000 1954 quo
1024 1892 1077 1935 me

161 1978 218 2041 bio
241 1976 362 2040 affatus
382 1978 479 2060 quasi
497 1978 667 2062 jacentem
690 1975 870 2040 excitavit?
910 1975 962 2040 14.
987 1975 1076 2039 Tum

160 2081 227 2160 ille,
240 2082 373 2166 Nempe
389 2103 467 2145 eum
483 2081 575 2161 dicia,
585 2083 704 2166 inquit,
716 2102 784 2164 quo
802 2082 865 2144 iste
880 2101 1016 2145 omnem
1029 2101 1077 2143 re·

160 2208 235 2251 rum
249 2187 445 2251 memoriam
462 2188 601 2250 breviter
615 2195 659 2265 et,
671 2192 709 2250 ut
722 2186 803 2250 mihi
814 2186 951 2269 quidem
966 2186 1076 2249 visum

104 2286 114 2301 ”
153 2298 223 2371 est,
240 2291 471 2377 perdiligenter
496 2291 689 2377 complexus
710 2290 784 2355 est?
824 2290 931 2355 Istum
953 2291 1076 2375 ipsum,

159 2397 311 2480 inquam,
335 2396 449 2470 Brute,
475 2395 550 2482 dico
580 2395 700 2459 librum
728 2396 813 2459 mihi
834 2394 935 2460 saluti
962 2395 1075 2459 fuisse.

164 2501 227 2566 IV.
253 2500 342 2565 Turn
372 2501 515 2579 Atticus,
544 2500 805 2585 Optatissimum
833 2500 916 2564 mihi
939 2499 1076 2583 quidem

162 2613 223 2686 est,
235 2606 327 2689 quod
342 2606 442 2669 dicis:
460 2605 519 2669 sed
533 2605 613 2689 quid
629 2605 766 2669 tandem
779 2605 897 2669 habuit
910 2604 991 2669 liber
1004 2606 1077 2684 iste,

162 2711 254 2794 quod
272 2711 333 2774 tibi
349 2715 409 2774 aut
425 2731 548 2774 novum
566 2716 627 2775 aut
640 2716 736 2774 tauto
752 2711 830 2774 usui
845 2716 959 2796 posset
980 2708 1076 2775 esse?

163 2815 215 2880 15.
240 2815 297 2896 Ille
312 2837 388 2880 vero
404 2821 438 2880 et
453 2830 550 2896 nova,
561 2815 710 2898 inquam,
722 2815 805 2879 mihi
820 2815 957 2899 quidem
969 2814 1077 2879 multa

163 2926 198 2984 et
220 2942 296 2984 eam
319 2920 510 3000 utilitatem,
525 2942 629 3004 quam
651 2921 867 3003 requirebam,
881 2926 921 2984 ut
935 2919 1077 3004 expliea-

161 3027 207 3090 tis
229 3026 398 3090 ordinibus
421 3033 609 3111 temporum
624 3048 694 3090 uno
711 3027 747 3089 in
762 3031 944 3111 conspectu
960 3025 1077 3090 omnia

163 3131 328 3194 viderem:
351 3153 438 3214 quae
463 3153 540 3195 eum
557 3132 705 3195 studiose
726 3136 866 3194 tractare
881 3129 1076 3213 coepissem,

163 3236 238 3322 ipsa
253 3236 335 3299 mihi
350 3237 506 3299 tractatio
521 3235 690 3299 literarum
706 3233 862 3298 salutaris
882 3233 946 3298 suit
961 3233 1075 3298 admo·

163 3342 312 3423 nuitque,
331 3341 508 3425 Pomponi,
527 3346 567 3405 ut
582 3362 604 3403 a
618 3346 653 3404 te
669 3340 744 3426 ipso
767 3360 933 3404 sumerem
949 3339 1076 3424 aliquid

163 3446 208 3510 ad
229 3467 282 3509 me
297 3444 510 3510 reficiendum
532 3453 632 3529 teque
654 3447 945 3527 remunerandum,
960 3447 989 3509 si
1009 3467 1075 3509 non

112 3561 115 3562 ’
162 3552 234 3636 pari
260 3557 299 3615 at
323 3557 418 3638 grato
440 3556 555 3615 tamen
582 3572 736 3615 munere:
760 3572 967 3636 quamquam
993 3549 1076 3615 illud
