2542 4117
202 307 267 373 116
441 329 576 374 saurus.
621 331 690 373 car.
714 330 883 375 rxxxvnr.

205 485 342 548 inventa
354 482 503 547 nondum
520 489 620 562 erant,
632 482 746 547 florem
759 489 793 547 et
807 483 948 547 colorem
961 483 1117 550 defuisse.

205 588 295 652 Nam
318 589 359 652 de
384 588 495 652 Crassi
515 589 662 651 oratione
682 589 729 651 sic
749 589 903 651 existimo
919 589 1030 672 ipsum
1051 589 1116 654 for·

202 699 293 758 tasse
316 694 435 758 melius
457 693 604 777 potuisse
625 694 772 772 scribere,
787 692 901 772 alium,
916 700 955 757 ut
970 696 1118 775 arbitror,

204 801 383 864 neminem.
423 799 495 862 Neo
509 799 543 861 iu
560 799 623 862 hoo
637 799 778 861 ironiam
794 798 913 861 dixeris
929 819 1011 877 esse,
1024 800 1117 881 quod

203 926 280 970 eam
303 906 485 970 orationem
510 904 591 967 mihi
617 904 811 989 magistram
834 901 935 967 luisse
955 903 1116 967 dixerim:

203 1032 282 1075 narn
306 1012 368 1075 etsi
393 1016 431 1074 tu
454 1009 572 1073 melius
595 1010 782 1072 existimare
805 1008 923 1072 videris
945 1007 987 1071 de
1009 1029 1060 1088 ea,
1085 1010 1115 1073 si

202 1137 305 1200 quam
338 1136 426 1179 nunc
457 1116 627 1192 habemus,
658 1112 825 1192 facultate,
855 1120 971 1176 tamen
1002 1113 1115 1178 adole·

202 1225 340 1298 scentes,
363 1217 443 1302 quid
463 1219 497 1280 in
523 1217 654 1280 Latinis
677 1218 788 1302 potius
806 1217 1019 1296 imitaremur,
1043 1239 1114 1281 non

202 1326 416 1389 habebamus.
461 1321 534 1386 299.
565 1322 668 1401 Quod
693 1328 806 1386 autem
830 1321 938 1406 plures
969 1343 990 1384 a
1014 1323 1114 1386 nobis
1185 1397 1189 1406 ι

200 1430 365 1513 nominati
386 1434 474 1507 sunt,
490 1448 530 1492 eo
553 1428 721 1513 pertinuit,
736 1433 775 1490 ut
797 1427 908 1512 paullo
931 1434 1009 1491 ante
1033 1428 1115 1508 dixi,

200 1534 290 1618 quod
316 1534 454 1619 intelligi
481 1532 579 1612 volui,
605 1533 641 1595 in
671 1553 721 1611 eo,
750 1532 844 1615 cujus
874 1553 990 1595 omnes
1021 1534 1114 1617 cupi·

201 1640 332 1704 dissimi
354 1645 473 1718 essent,
489 1659 590 1722 quam
608 1637 707 1721 pauci
728 1636 821 1721 digni
843 1638 977 1700 nomine
993 1637 1113 1701 evade-

200 1752 281 1811 rent.
329 1744 442 1824 Quare
460 1747 549 1822 εἴρωνα
572 1764 636 1821 me,
660 1763 701 1805 ne
724 1741 751 1804 si
778 1739 951 1805 Africanus
974 1742 1113 1824 quidem

201 1852 274 1932 fuit,
289 1857 329 1915 ut
343 1853 391 1916 ait
411 1851 446 1914 in
466 1849 601 1913 historia
617 1868 678 1910 sua
697 1846 734 1909 C.
752 1845 913 1926 Fannius,
929 1847 1114 1911 existimari

202 1957 310 2021 velim.
356 1955 403 2020 Ut
417 1954 517 2031 voles,
532 1952 641 2035 inquit
658 1952 799 2015 Atticus.
846 1951 920 2036 Ego
936 1952 1026 2015 euim
1043 1973 1113 2016 nou

201 2061 349 2125 alienum
372 2081 393 2123 a
413 2064 445 2123 te
470 2059 641 2143 putabam,
656 2055 747 2139 quod
769 2060 803 2119 et
821 2055 857 2118 in
883 2053 1038 2119 Africano
1061 2057 1113 2121 fu·
1142 2039 1145 2044 .

200 2166 282 2229 isset
303 2170 337 2228 et
358 2165 392 2227 in
418 2163 562 2226 Socrate.
607 2161 681 2223 300.
706 2159 796 2223 Tum
819 2160 953 2240 Brutus,
969 2160 1021 2225 De
1045 2162 1112 2226 isto

201 2275 335 2354 postea:
359 2267 415 2330 sed
437 2272 485 2344 tu,
501 2265 609 2347 inquit
631 2285 685 2327 me
707 2265 850 2344 intuens,
866 2266 1030 2328 orationes
1052 2287 1113 2329 no·

199 2374 250 2436 bis
266 2379 390 2436 veteres
406 2367 607 2456 explicabis?
643 2368 741 2448 Vero,
753 2369 901 2452 inquam,
914 2369 1035 2450 Brute3
1052 2372 1113 2435 sed

198 2479 234 2543 in
254 2478 407 2541 Cumano
424 2476 531 2539 autin
550 2474 742 2539 Tusculano
759 2475 947 2558 aliquando,
963 2477 992 2539 si
1007 2476 1111 2541 modo

199 2584 329 2663 licebit3
351 2583 510 2665 quoniam
534 2589 674 2663 utroque
700 2580 735 2642 in
759 2580 832 2643 loco
857 2581 958 2645 vicini
980 2602 1110 2646 sumus.

203 2688 435 2753 LXXXVIII.
471 2685 539 2751 sed
568 2686 641 2770 jam
672 2684 715 2749 ad
744 2684 789 2763 id,
818 2685 908 2749 unde
938 2685 1111 2772 degressi*

201 2814 328 2871 sumus,
343 2797 552 2856 revertamur.

243 2897 315 2961 301.
345 2895 542 2960 Hortensius
571 2894 681 2979 igitur,
711 2915 790 2957 cum
814 2894 997 2960 admodum
1028 2895 1110 2960 ado·

199 3003 325 3068 lescens
352 3022 445 3065 orsus
472 3004 560 3063 esset
589 2999 624 3062 in
653 2996 724 3062 loro
756 2999 871 3079 dicere,
894 3000 1036 3064 celeriter
1065 3002 1110 3065 ad

199 3108 341 3191 majores
356 3126 474 3171 causas
490 3104 638 3168 adhiberi
654 3109 792 3188 coeptus
809 3111 876 3184 est3
899 3126 1110 3188 quamquam

199 3213 360 3277 inciderat
393 3212 427 3275 in
462 3210 581 3274 Cottae
619 3216 653 3273 et
686 3208 826 3294 Sulpicii
858 3216 1014 3289 aetatem,
1047 3212 1110 3294 qui

199 3318 296 3382 annis
329 3317 445 3380 decem
478 3315 619 3398 majores
656 3313 835 3377 excellente
871 3320 945 3379 tum
985 3315 1108 3380 Crasso

513 3538 526 3563 ⁴·
542 3538 655 3589 umens:
672 3537 776 3604 aurun
