2542 4117
443 344 579 387 saurus.
624 345 695 388 cnr.
718 345 763 389 tr.
1021 321 1065 389 69

147 495 192 560 de
207 496 344 582 reliquis
359 497 423 562 hoo
445 495 583 577 affirmo,
600 498 659 582 qui
681 497 774 584 vulgi
794 498 951 584 opinione
966 497 1066 563 diser·

147 602 274 667 tissimi
290 604 395 667 habiti
410 603 487 682 sint,
502 603 638 667 eosdem
659 603 917 689 intelligentium
932 624 1066 688 quoque

145 707 277 792 judicio
307 707 412 772 fuisse
444 709 705 793 probatissimos.
761 707 834 772 191.
872 708 945 773 Nee
974 709 1066 772 enim

149 819 266 897 posset
294 813 385 876 idem
410 812 654 877 Demosthenes
679 813 796 891 dicere,
822 813 913 897 quod
942 812 1066 876 dixisse

152 918 397 982 Antimachum
421 917 592 982 Clarium‘
613 922 750 1004 poetam
774 918 891 997 ierunt,
907 918 964 1001 qui
987 938 1066 981 eum

150 1024 345 1086 convocatis
366 1023 572 1087 auditoribus
595 1023 719 1109 legeret
734 1024 782 1087 eis
797 1043 959 1108 maguum
976 1021 1067 1101 illud,

150 1128 243 1210 quod
268 1129 416 1206 novistis,
431 1127 588 1192 volumen
611 1149 722 1208 suum,
737 1135 772 1192 et
797 1149 876 1191 eum
898 1126 1065 1212 legentem

150 1253 270 1296 omnes
291 1239 417 1317 praeter
442 1233 617 1297 Platonem
632 1233 851 1317 reliquissent,
868 1231 1003 1316 Legum,
1016 1233 1067 1296 in·

150 1338 235 1421 quit,
258 1339 359 1402 nihilo
382 1340 508 1403 minus:
534 1338 630 1404 Pluto
654 1341 738 1403 euim
759 1339 838 1403 mihi
856 1358 939 1403 uuus
962 1339 1066 1402 inetur

152 1450 200 1507 est
230 1445 369 1508 omnium
398 1444 594 1509 millium:”
621 1451 657 1508 et
684 1450 790 1509 reete:
823 1446 945 1529 poe'rna
974 1444 1065 1507 enim

151 1546 362 1611 reconditum
377 1569 559 1632 paucorum
582 1551 868 1634 approbationem,
883 1549 988 1613 oratio
1009 1569 1066 1633 po·

151 1651 276 1737 pularis
306 1673 481 1716 assensum
510 1653 603 1739 vulgi
633 1654 733 1717 debet
762 1675 903 1717 movere.
961 1654 1008 1717 At
1037 1651 1067 1716 si

152 1756 297 1820 eundem
311 1758 399 1821 huno
412 1758 590 1823 Platonem
606 1780 713 1822 unum
730 1758 916 1822 auditorem
932 1758 1068 1821 haberet

154 1861 409 1942 Demosthenes,
435 1883 511 1927 oum
533 1870 622 1927 esset
644 1864 777 1928 relictus
803 1884 824 1926 a
850 1864 977 1941 ceteris,
999 1882 1068 1925 ver·

151 1967 234 2030 bum
258 1968 365 2031 faeere
389 1988 457 2031 non
480 1974 601 2053 posset
647 1967 719 2032 192.
745 1967 863 2046 Quid?
885 1974 934 2047 tu,
955 1967 1068 2045 Brute,

152 2092 278 2157 posses,
294 2073 322 2135 si
346 2078 379 2135 te
404 2081 441 2136 ut
466 2074 647 2137 Curionem
669 2074 841 2158 quondam
856 2073 974 2137 conoio
995 2067 1067 2136 reli·

152 2175 303 2259 quisset?
342 2176 419 2262 Ego
442 2198 529 2257 vero,
549 2178 660 2262 inquit
682 2178 746 2258 ille,
762 2185 802 2242 ut
824 2199 878 2242 me
899 2179 960 2241 tibi
981 2176 1067 2240 indi-

152 2301 236 2360 cem,
263 2283 298 2344 in
326 2283 374 2345 eis
398 2283 501 2346 etiam
528 2284 648 2363 causis,
672 2284 706 2346 in
734 2284 855 2366 quibus
882 2284 992 2347 omnis
1015 2303 1067 2346 res

153 2388 251 2451 nobis
266 2408 345 2451 eum
358 2387 528 2472 judicibus
543 2394 603 2467 est,
615 2410 683 2452 non
698 2409 775 2452 oum
792 2388 925 2474 populo,
939 2395 1067 2466 tamen,

153 2493 182 2556 si
204 2513 225 2555 a
247 2512 370 2556 corona
388 2493 520 2556 relictus
540 2493 613 2573 sim,
631 2515 698 2557 non
715 2515 837 2576 queam
853 2494 969 2558 dicere.
1014 2493 1067 2557 Ita

153 2617 199 2676 se,
215 2597 363 2680 inquam,
378 2619 429 2662 res
454 2600 570 2663 habet:
593 2606 641 2678 ut,
665 2600 692 2662 si
715 2600 818 2663 tibiae
838 2598 975 2662 inflatae
998 2619 1067 2662 non

152 2702 298 2766 referant
308 2724 439 2782 sonum,
451 2704 655 2788 abjiciendas
667 2726 725 2767 eas
736 2705 799 2768 sibi
816 2704 935 2768 tibicen
953 2709 1066 2788 putet3

152 2808 202 2871 sio
227 2808 347 2871 oratori
373 2808 489 2893 populi
515 2830 611 2874 aures
636 2817 811 2893 tamquam
837 2810 938 2873 tibiae
968 2816 1065 2889 sunt3

148 2933 211 2978 eae
237 2914 265 2976 si
296 2913 451 2978 inflatum
482 2935 551 2978 non
580 2917 753 3000 recipiunt,
783 2921 844 2980 aut
873 2916 903 2978 si
933 2915 1065 2978 auditor

150 3018 292 3082 omnino
307 3026 482 3103 tamquam
499 3042 605 3104 equus
623 3042 690 3084 non
714 3020 802 3099 iacit,
817 3020 967 3106 agitandi
989 3018 1066 3083 finis

182 3233 196 3258 '⁹
214 3233 271 3284 The
287 3236 453 3299 manuscripts
472 3236 522 3284 und
539 3235 586 3284 Ed
602 3234 699 3284 Prius:
716 3230 811 3281 durum.
844 3231 907 3281 This
923 3231 1027 3294 reading
1044 3229 1066 3279 is

150 3316 276 3367 defended
292 3332 326 3366 on
342 3318 384 3367 the
400 3317 498 3382 ground
514 3317 569 3367 that
584 3315 752 3365 Antimachus
768 3329 819 3364 was
830 3329 847 3364 e
856 3314 940 3364 native
951 3313 980 3365 of
994 3312 1067 3364 Colo·

150 3399 229 3464 phou,
238 3407 283 3448 not
294 3399 323 3447 of
337 3398 431 3449 Claros.

185 3477 214 3503 ‘⁴’
231 3480 281 3529 Ed.
301 3480 384 3529 Ptine.
403 3480 452 3530 end
474 3479 574 3545 Meyer:
596 3478 672 3529 inetur
689 3486 723 3528 est
743 3477 849 3528 omnium.
888 3475 974 3527 Merito
992 3474 1029 3527 ille
1046 3484 1068 3527 et

149 3569 219 3612 me.
