2542 4117
412 323 548 366 saurus.
594 324 664 366 cnr.
687 324 748 367 ιιι.
995 303 1038 369 15

121 473 208 537 alter
242 474 493 540 Themistocles.
544 476 597 541 44.
622 476 676 540 Sit
705 497 795 556 sane,
823 477 971 561 inquam,
1001 485 1040 544 ut

121 579 228 659 lubet,
244 580 286 643 de
309 581 392 644 isto:
415 588 448 645 et
470 602 533 666 ego
555 582 686 644 cautius
705 582 844 665 posthac
868 583 1039 648 historiam

122 687 295 770 attingam
318 691 351 750 te
374 686 540 766 audiente,
555 707 656 769 quem
678 706 787 750 rerum
809 686 1039 753 Romanarum

122 797 299 854 auctorem
321 789 456 855 laudare
475 812 612 875 possum
627 791 924 877 religiosissimum.
971 794 1040 858 Sed

121 901 201 958 tum
227 893 293 958 sere
319 894 467 975 Pericles,
484 894 673 981 Xanthippi
695 894 794 976 filius,
809 896 850 959 de
872 918 940 980 quo
961 906 1039 962 ante

123 1000 206 1077 dixi,
230 1001 356 1086 primus
385 999 538 1063 adhibuit
566 1000 770 1064 doctrinam:
803 1022 890 1084 quae
924 1024 1041 1085 quam·

123 1126 231 1188 quam
253 1111 327 1167 tum
351 1104 442 1168 nulla
464 1110 535 1168 crat
556 1104 699 1184 dicendi,
714 1112 827 1169 tamen
845 1095 887 1169 ab
906 1108 1039 1171 Anaxa·

123 1231 209 1296 gora
236 1210 372 1294 physico
397 1209 544 1273 eruditus
570 1210 839 1274 exercitationem
866 1213 988 1275 mentis
1018 1233 1040 1276 a

122 1316 306 1403 reconditis
328 1316 553 1398 abstrusisque
573 1318 672 1379 rebus
692 1315 735 1379 ad
753 1335 875 1380 causas
894 1316 1039 1382 forenses

123 1420 369 1507 popularesque
391 1419 488 1483 facile
503 1419 700 1483 traduxerat
747 1419 858 1505 Hujus
874 1423 1039 1486 suavitate

125 1526 274 1590 maxime
288 1525 445 1588 hilaratae
458 1529 537 1588 sunt
550 1525 720 1589 Athenae:
737 1524 836 1610 hujus
852 1529 1038 1591 ubertatem

126 1638 161 1694 et
184 1631 317 1715 copiam
338 1630 522 1693 admiratae
538 1629 688 1713 ejusdem
711 1630 779 1692 vim
794 1630 927 1694 dicendi
941 1639 1040 1695 terro·

124 1756 263 1818 remque
278 1735 471 1798 timuerunt

173 1839 250 1903 XII.
282 1838 336 1903 45.
364 1838 458 1902 Haec
469 1838 571 1923 igitur
581 1843 676 1901 aetas
691 1838 798 1923 prima
812 1839 953 1902 Athenis
969 1861 1039 1904 ora·

125 1951 234 2010 torem
256 1965 357 2030 prope
380 1941 561 2028 perfectum
583 1942 670 2006 tulit
716 1943 789 2006 Nec
804 1944 895 2006 enim
911 1944 946 2007 in
962 1966 1039 2008 cou-

126 2050 343 2115 stituentibus
357 2070 427 2112 rem
443 2048 609 2134 publicam
623 2048 735 2111 necin
750 2048 835 2126 bella
851 2051 1039 2134 gerentibus

127 2155 240 2219 necin
255 2154 424 2239 impeditis
439 2174 479 2217 ac
493 2174 609 2238 regum
633 2152 862 2217 dominatione
877 2154 1039 2219 devinctis

126 2261 219 2324 nasci
246 2258 412 2344 cupiditas
436 2257 567 2321 dicendi
592 2256 685 2321 solet
730 2256 827 2322 Pacis
850 2265 900 2322 est
926 2281 1039 2325 comes

127 2366 255 2447 otiique
286 2364 377 2427 socia
403 2363 530 2447 etjam
553 2364 638 2425 benc
668 2363 871 2426 constitutae
893 2365 1038 2430 civitatis

127 2470 225 2554 quasi
248 2468 386 2532 alumna
408 2466 575 2551 quaedam
599 2466 800 2550 eloquentia.
845 2468 897 2532 46.
921 2470 1039 2553 ltaque

128 2577 177 2639 ait
202 2573 407 2653 Aristoteles,
428 2592 505 2636 cum
528 2571 668 2635 sublatis
690 2572 725 2635 in
750 2571 865 2637 Sicilia
888 2576 1039 2660 tyrannis

126 2702 179 2745 res
195 2680 342 2765 privatae
356 2677 457 2763 longo
472 2676 644 2740 intervallo
656 2676 791 2760 judiciis
806 2685 1038 2764 repeterentur,

128 2793 202 2852 tum
226 2785 380 2870 primum,
395 2782 486 2867 quod
506 2787 593 2845 esset
615 2788 716 2846 acuta
732 2782 789 2846 illa
804 2805 887 2869 gens
909 2791 944 2849 et
961 2807 1038 2849 eon·

128 2897 273 2956 troversa
287 2892 535 2968 naturmrtem
559 2892 593 2949 et
613 2893 790 2971 praecepta
816 2887 948 2954 Siculos
974 2890 1039 2953 Co·

127 3017 238 3062 racem
260 3000 296 3058 et
323 2994 451 3058 Tisiam
474 2992 725 3076 conscripsisse:
748 3014 827 3056 nam
853 3000 953 3058 antea
982 3016 1038 3058 ne·

128 3103 255 3169 minem
278 3099 414 3164 solitum
429 3099 484 3162 via
500 3119 560 3162 nee
579 3102 649 3161 arte
670 3096 729 3160 sed
751 3104 902 3161 accurate
921 3104 1037 3163 tamen

129 3207 218 3273 etde
234 3206 354 3292 scripto
371 3203 543 3288 plerosque
559 3202 686 3265 dicere:
710 3203 915 3287 scriptasque
937 3201 1040 3268 luisse

126 3319 162 3379 'et
176 3317 310 3399 paratas
326 3332 347 3375 a
362 3310 544 3394 Protagora
560 3328 670 3371 rerum
691 3306 868 3372 illustrium
888 3307 1038 3392 disputa·

127 3420 245 3499 tiones,
266 3438 354 3501 quae
380 3435 470 3480 nunc
494 3433 690 3477 communes
720 3411 928 3498 appellantur
955 3412 1039 3480 loci:

128 3525 180 3592 47.
202 3522 294 3609 quod
322 3521 412 3587 idem
440 3517 557 3585 secisse
586 3518 757 3604 Gorgiam,
786 3538 864 3583 curn
894 3519 1039 3606 singula·
