2542 4117
414 316 550 361 saurus.
596 318 667 361 err.
690 316 804 361 rxxxr.
1001 295 1066 363 107

148 465 272 552 inquit,
287 474 399 534 utrum
422 470 488 534 ista
504 471 630 535 sanitas
651 470 751 534 fuerit
765 492 807 535 an
824 470 968 536 vitium?
990 472 1065 555 quis

148 576 243 637 enim
275 596 343 638 non
372 573 526 655 fateatur,
557 596 635 639 cum
670 596 710 638 ex
742 577 897 639 omnibus
929 577 1065 641 oratoris

148 676 310 743 laudibus
331 679 430 765 longe
451 681 516 743 ista
533 681 577 744 sit
600 681 748 744 maxima
769 680 975 745 inflammare
997 682 1067 745 ani·

147 803 226 846 mos
251 783 462 848 audientium
485 791 528 864 et,
543 806 743 868 quocunque
758 805 809 848 res
829 786 975 869 postulet
996 807 1067 850 mo·

147 887 206 967 do,
222 886 362 968 flectere,
378 889 435 971 qui
458 890 520 955 hac
542 891 663 954 virtute
686 891 836 968 caruerit,
854 890 888 954 id
912 892 953 970 ei,
975 890 1066 974 quod

149 994 342 1057 maximum
368 995 476 1075 fuerit,
503 992 672 1059 defuisse?
717 995 879 1060 LXXXI.
905 995 959 1060 Sit
984 1016 1066 1060 sane

147 1097 208 1176 ita,
220 1099 381 1181 inquam:
397 1099 455 1162 sed
470 1099 646 1163 redeamus
659 1099 702 1163 ad
718 1121 807 1179 eum,
818 1102 876 1184 qui
889 1102 960 1186 jam
976 1122 1065 1165 unus

147 1208 265 1282 restat,
283 1203 518 1267 Hortensium:
540 1211 614 1268 tum
630 1205 672 1268 de
688 1206 855 1269 nobismet
878 1207 969 1290 ipsis,
984 1226 1066 1289 quo·

149 1307 244 1371 niam
270 1307 307 1371 id
333 1309 447 1387 etiam,
463 1308 577 1388 Brute,
594 1309 753 1393 postulas
769 1331 877 1395 pauca
896 1311 1066 1392 dicemus;

149 1433 360 1496 quamquam
383 1413 538 1477 facienda
559 1415 685 1477 mentio
701 1420 761 1494 est,
777 1420 816 1479 ut
830 1415 966 1499 quidem
983 1416 1066 1480 mibi

148 1517 292 1594 videtur,
319 1518 462 1581 duorum
489 1518 762 1598 adolescentium,
791 1521 850 1602 qui
880 1521 909 1584 si
938 1520 1065 1584 diutius

147 1622 320 1700 vixissent,
351 1643 512 1709 magnam
542 1630 654 1687 essent
687 1623 896 1706 eloquentiae
930 1625 1066 1689 laudem

147 1728 332 1792 consecuti

196 1832 269 1896 280.
295 1833 332 1896 C.
351 1833 531 1897 Curionem
555 1838 598 1912 te,
612 1833 722 1916 inquit
742 1832 878 1912 Brutus,
893 1837 928 1896 et
954 1833 991 1896 C.
1008 1833 1066 1897 Li·

148 1937 278 2001 cirrium
304 1937 447 2002 Calvum
469 1938 604 2002 arbitror
625 1938 741 2001 dicere.
788 1936 900 2016 Recte,
915 1938 1066 2021 inquam,

147 2042 335 2107 arbitraris:
358 2063 499 2125 quorum
516 2042 652 2126 quidem
668 2042 750 2106 alter
765 2043 814 2105 ita
833 2041 928 2106 facile
945 2042 1065 2106 solute·

147 2167 216 2229 que
232 2147 339 2211 verbis
354 2147 508 2210 volvebat
523 2148 607 2210 satis
622 2147 790 2210 interdum
802 2153 920 2211 acutas
936 2149 1065 2212 crebras

146 2252 286 2335 quidem
310 2258 396 2316 certe
419 2253 612 2330 sententias,
626 2258 666 2316 ut
681 2253 763 2316 nihil
778 2258 892 2338 posset
916 2253 1065 2317 ornatius

148 2377 223 2420 esse
245 2357 328 2420 nihil
350 2357 546 2441 expeditius.
593 2357 704 2439 Atque
720 2358 774 2421 hio
788 2378 810 2420 a
825 2358 992 2442 magistris
1009 2379 1066 2443 pa·

148 2481 225 2527 rum
248 2462 424 2525 institutus
451 2467 606 2524 naturam
627 2462 745 2525 habuit
768 2461 998 2526 admirabilem
1021 2462 1065 2527 ad

149 2565 341 2630 dicendum.
387 2565 589 2630 Industriam
612 2588 680 2629 non
703 2586 779 2629 sum
802 2573 974 2650 expertus:
997 2574 1065 2632 stu·

149 2670 245 2735 dium
269 2677 356 2735 certe
378 2670 450 2735 luit.
498 2670 570 2748 Qui
590 2671 619 2733 si
642 2691 696 2733 me
713 2670 826 2733 audire
843 2670 1010 2749 voluisset,
1026 2677 1065 2736 ut

148 2783 317 2861 coeperat,
332 2777 472 2840 bonores
487 2796 589 2859 quarn
606 2797 687 2860 opes
702 2775 861 2858 consequi
882 2775 1065 2839 maluisset

154 2880 330 2959 Quidnam
353 2888 413 2961 est,
440 2881 558 2964 inquit,
583 2880 695 2944 istuc?
718 2885 753 2944 et
777 2880 1064 2963 quemadmodum

150 2986 355 3072 distinguis?
411 2985 485 3050 281.
521 2986 597 3049 Hoc
627 2985 739 3064 modo,
769 2984 917 3067 inquam.
976 2984 1064 3049 Cum

147 3092 259 3155 vhonos
286 3092 330 3155 sit
354 3091 540 3176 praemium
571 3091 702 3153 virtutis
729 3090 855 3173 judicio
886 3088 1064 3171 studioque

146 3197 274 3260 civium
298 3197 447 3260 delatum
472 3196 516 3259 ad
538 3195 694 3278 aliquem,
710 3194 767 3276 qui
791 3214 867 3257 eum
892 3195 1065 3258 sententiis

149 3302 209 3384 qui
233 3300 397 3385 suffragiis
420 3300 562 3384 adeptus
585 3306 645 3378 est,
660 3300 689 3362 is
705 3300 787 3362 mihi
803 3306 837 3362 et
852 3299 1012 3363 honestus
1030 3305 1065 3364 et

149 3406 334 3474 honoratus
359 3405 497 3468 videtur.
545 3404 616 3483 Qui
632 3412 745 3468 autern
763 3406 935 3467 occasione
952 3404 1065 3487 aliqua

150 3510 255 3575 etiam
278 3509 392 3574 invitis
415 3510 484 3574 suis
507 3509 634 3574 civibus
658 3517 776 3574 nactus
803 3515 854 3573 est
876 3509 1064 3596 imperium,
