2542 4117
413 327 549 371 saurus.
593 328 665 372 cnr.
689 329 783 372 xcrrr.
981 307 1045 374 125

131 481 275 546 similior
288 479 460 545 videbatur
471 480 541 546 fieri
556 481 714 565 quotidie.
750 480 823 544 321.
845 480 914 545 Nos
929 488 1044 547 autem

129 608 202 651 non
227 587 469 650 desistebamus
490 608 567 651 cum
591 587 682 651 omni
703 606 820 671 genere
844 588 1045 651 exercitatio·

129 692 185 755 nis
205 697 280 755 tum
301 691 447 754 maxime
473 692 549 756 stilo
574 698 725 756 nostrum
746 690 837 770 illud,
852 690 942 773 quod
965 696 1043 771 erat7

130 816 267 881 augere,
282 800 579 878 quantumcunque
605 801 684 859 erat.
731 795 851 878 Atque,
874 801 912 860 ut
939 796 1047 861 multa

130 902 302 978 omittam,
317 901 353 963 in
370 900 432 964 hoc
455 902 563 984 spatio
579 907 613 965 et
633 901 667 963 in
685 901 734 964 his
752 907 826 984 post
841 900 1045 966 aedilitatem

131 1005 233 1068 annis
256 1010 290 1066 et
312 1010 441 1087 praetor
456 1006 580 1089 primus
596 1011 630 1068 et
651 1005 833 1068 incredibili
857 1005 971 1091 populi
991 1028 1046 1070 vo·

131 1108 266 1173 luntate
282 1130 356 1172 sum
375 1108 493 1172 factus.
539 1110 630 1173 Nam
652 1131 730 1173 cum
754 1116 883 1195 propter
905 1111 1046 1175 assidui·

130 1220 241 1278 tatem
260 1214 295 1277 in
314 1215 423 1277 causis
439 1218 474 1276 et
487 1212 684 1277 industriam
700 1221 773 1278 tum
790 1221 919 1300 propter
933 1217 1045 1299 exqui-

132 1319 233 1382 sitius
257 1325 291 1382 et
312 1319 450 1381 minime
466 1317 598 1403 vulgare
618 1319 776 1383 orationis
792 1341 897 1405 genus
913 1322 1044 1386 animos

133 1423 311 1487 hominurn
335 1423 379 1486 ad
402 1444 456 1487 me
480 1422 611 1486 dicendi
639 1426 787 1488 novitate
811 1432 1044 1492 converteram.

132 1528 210 1593 322.
234 1527 326 1592 Nihil
343 1528 384 1591 de
400 1549 454 1591 me
478 1528 606 1592 dicam:
629 1528 740 1593 dicam
763 1529 804 1593 de
826 1533 949 1612 ceteris,
965 1555 1045 1617 quo·

132 1655 210 1698 rum
234 1654 332 1696 neruo
355 1639 433 1712 erat,
455 1634 513 1715 qui
539 1633 703 1697 videretur
725 1635 918 1717 exquisitius
940 1659 1045 1720 quam

132 1738 258 1824 vulgus
285 1739 460 1801 hominum
486 1738 655 1801 studuisse
681 1737 791 1816 literis,
820 1740 940 1821 quibus
970 1740 1045 1806 sons

134 1842 299 1930 perfectae
323 1842 531 1925 eloquentiae
547 1843 752 1921 continetur3
776 1864 883 1920 nemo,
898 1845 955 1926 qui
976 1847 1046 1930 phi·

134 1947 324 2033 losophiam
358 1946 550 2030 complexus
583 1951 680 2025 esset,
716 1952 856 2010 matrem
893 1949 1044 2013 omnium

133 2055 221 2117 bene
242 2053 404 2115 factorum
420 2053 569 2134 beneque
585 2050 766 2130 dictorum;
790 2072 897 2132 nemo,
913 2054 971 2136 qui
988 2054 1045 2138 jus

134 2158 231 2222 civile
247 2157 424 2235 didicisset,
435 2177 504 2218 rem
516 2155 559 2218 ad
576 2156 719 2239 privatas
735 2176 853 2220 causas
869 2158 960 2222 etad
976 2180 1046 2223 ora·

132 2264 215 2329 toris
248 2261 460 2347 prudentiam
491 2260 638 2323 maxime
668 2262 905 2342 necessariam
937 2284 1045 2345 nemo,

134 2368 194 2452 qui
221 2366 420 2429 memoriam
445 2385 554 2427 rerum
583 2363 811 2429 Romanarum
840 2372 975 2448 teneret,
1005 2391 1046 2433 ex

134 2494 213 2557 qua,
241 2469 428 2553 siquando
455 2490 540 2553 opus
559 2474 664 2548 esset,
696 2471 737 2532 ab
768 2468 876 2534 inseris
902 2472 1046 2558 locuple·

134 2577 285 2642 tissimos
307 2580 410 2638 testes
433 2574 606 2653 excitaret;
628 2595 737 2653 neme,
760 2575 817 2657 qui
839 2577 977 2640 breviter
998 2599 1046 2640 ar·

81 2666 87 2678 ⁹
135 2688 284 2769 guteque
307 2678 435 2743 incluso
452 2678 636 2741 adversario
660 2678 784 2743 laxaret
800 2679 953 2764 judicum
977 2683 1046 2746 ani·

135 2808 210 2851 mos
235 2791 336 2868 atque
359 2805 380 2847 a
403 2783 576 2847 severitate
595 2784 772 2869 paullisper
787 2784 830 2848 ad
847 2785 1045 2852 hilaritatem

134 2896 307 2976 risumque
330 2890 531 2970 traduceret;
556 2912 663 2970 neme,
689 2892 747 2975 qui
770 2891 907 2956 dilatare
934 2900 1047 2979 posset

135 3007 238 3083 atque
254 3020 275 3061 a
290 2996 420 3083 propria
442 3017 482 3059 ac
504 2993 641 3059 definita
656 2995 881 3079 disputatione
902 2999 1046 3063 hominis

135 3127 176 3169 ac
191 3102 351 3187 temporis
367 3100 409 3166 ad
425 3121 639 3164 communem
658 3102 886 3183 quaestionem
903 3104 1046 3168 universi

134 3209 265 3296 generis
296 3207 480 3270 orationem
510 3204 735 3286 traduceret*;
766 3227 873 3286 nemo,
903 3209 961 3290 qui
991 3209 1046 3272 de·

134 3312 285 3380 lectandi
308 3311 413 3397 gratia
434 3309 560 3395 digredi
581 3331 759 3395 parumper
774 3333 795 3376 a
810 3334 922 3393 causa,
938 3335 1046 3395 nemo,

138 3456 367 3477 ,.........-

436 3535 448 3563 *
465 3535 606 3587 Manum:
622 3534 748 3586 traduoen.
