2542 4117
208 329 272 396 102
456 349 592 395 saurus.
637 351 707 394 car.
730 350 861 394 nxxvn.

210 505 345 592 ptitavit
356 510 517 584 accurate,
530 526 606 569 cum
621 506 811 590 praesertim
825 527 891 569 non
904 510 991 569 esset
1003 513 1124 587 orator,

207 616 241 673 et
256 610 325 695 egit
341 610 447 673 multa
462 615 669 673 constanter:
691 611 822 695 Appius
841 610 1011 689 Claudius,
1028 633 1123 675 socer

206 720 295 794 tuus,
310 713 438 801 collega
453 722 487 778 et
509 715 681 778 familiaris
698 734 812 795 meus3
834 715 887 778 hic
899 716 968 799 jam
987 723 1021 780 et
1037 718 1122 781 satis

207 820 377 885 studiosus
400 827 433 883 et
455 819 552 883 valde
571 840 649 883 cum
670 819 789 883 doctus
811 826 885 884 tum
906 821 1008 883 etiam
1031 842 1123 885 exer-

207 926 330 990 citatus
353 932 462 990 orator
483 930 517 988 et
539 945 616 987 cum
641 925 811 1009 auguralis
831 932 905 988 tum
927 926 1037 989 omnis
1060 948 1123 1011 pu·

210 1031 289 1095 blici
309 1032 392 1115 juris
416 1030 692 1112 antiquitatisque
715 1036 847 1093 nostrae
879 1032 964 1093 bene
995 1032 1123 1115 peritus

206 1136 281 1200 fuit.
328 1135 366 1198 L
382 1135 550 1199 Domitius
566 1134 658 1197 nulla
673 1134 726 1197 ille
742 1135 877 1217 quidem
894 1142 963 1199 arte
978 1136 1035 1198 sed
1054 1136 1123 1200 La·

206 1242 277 1304 tine
292 1246 406 1303 tamen
421 1245 455 1303 et
470 1239 578 1302 multa
593 1260 671 1303 cum
693 1238 844 1302 libertate
862 1238 1001 1304 dicebat
1045 1240 1122 1304 268.

209 1344 287 1410 Duo
314 1349 480 1429 praeterea
505 1343 641 1407 Lentuli
663 1344 861 1423 consulares,
885 1366 1027 1427 quornm
1056 1346 1122 1410 Pu·

209 1449 307 1527 blius,
320 1448 373 1512 ille
386 1456 572 1512 nostrarum
588 1450 784 1533 injuriarum
801 1449 887 1513 ultor
901 1455 1019 1513 auctor
1033 1450 1123 1514 salu·

208 1555 262 1632 tis,
286 1553 448 1636 quidquid
476 1554 601 1632 habuit,
623 1559 921 1637 quantumcunque
941 1553 1015 1634 fuit,
1037 1555 1123 1619 illud

208 1664 319 1724 totum
336 1660 453 1724 habuit
468 1682 509 1723 ex
524 1660 717 1743 disciplina:
739 1660 961 1723 instrumenta
981 1667 1122 1724 naturae

209 1764 362 1829 deerant:
386 1765 443 1829 sed
466 1771 581 1829 tantus
597 1765 701 1827 animi
717 1764 870 1849 splendor
890 1771 925 1828 et
939 1771 1036 1828 tanta
1052 1788 1123 1830 ma·

209 1870 361 1956 gnitudo,
382 1876 421 1933 ut
445 1871 508 1934 sibi
534 1870 658 1949 omnia,
680 1891 767 1953 quae
791 1869 953 1934 clarorum
976 1872 1122 1934 virorum

209 1982 329 2054 essent,
345 1996 411 2038 non
435 1974 601 2038 dubitaret
622 1974 814 2053 adsciscere,
830 1995 936 2057 eaque
956 1976 1049 2039 omni
1074 1976 1123 2039 di·

211 2081 338 2166 gnitate
361 2080 531 2142 obtineret.
577 2078 616 2141 L.
632 2084 747 2142 autem
772 2078 936 2143 Lentulus
951 2081 1032 2143 satis
1051 2086 1123 2145 erat

208 2185 302 2249 fortis
325 2190 442 2262 orator,
458 2184 486 2245 si
509 2183 610 2246 modo
632 2189 757 2264 orator3
780 2183 837 2247 sed
860 2184 1029 2269 cogitandi
1053 2205 1122 2247 non

208 2288 335 2353 ferebar
356 2287 510 2351 laborem.
558 2287 634 2351 Vox
649 2309 772 2353 canora
786 2290 886 2352 verba
901 2310 967 2351 non
990 2289 1124 2353 horrida

207 2414 300 2471 sane,
331 2399 369 2456 ut
400 2393 499 2478 plena
528 2399 616 2457 esset
647 2394 752 2457 animi
785 2398 820 2457 et
848 2394 976 2457 terroris
1005 2395 1124 2457 oratio.

215 2497 400 2575 Quaereres
422 2500 456 2562 in
476 2498 609 2583 judiciis
632 2499 771 2562 fortasse
791 2498 928 2579 melius;
951 2500 1039 2562 inre
1062 2520 1124 2584 pu·

196 2602 307 2683 'blica,
329 2603 420 2686 quod
446 2610 525 2684 erat,
551 2625 623 2667 esse
643 2602 808 2688 judicares
831 2604 921 2666 satis.
965 2602 1039 2666 269.
1067 2603 1123 2667 Ne

213 2707 253 2772 Τ.
269 2708 404 2791 quidem
423 2709 615 2772 Postumius
631 2707 895 2772 contemnendus
910 2708 945 2770 in
960 2708 1124 2772 dicendo:

211 2813 253 2877 de
276 2834 309 2875 re
333 2812 467 2897 publica
489 2834 564 2875 vero
586 2834 653 2876 non
675 2813 788 2875 minus
809 2813 987 2876 vehemens
1012 2820 1125 2876 orator

210 2937 314 3000 quam
336 2916 473 2979 bellator
493 2915 574 2979 fuir:
596 2916 773 2980 effrenatus
790 2922 824 2980 et
844 2938 918 2980 acer
938 2917 1047 2995 nimiS,
1063 2917 1126 2981 sed

210 3025 296 3085 bene
318 3021 399 3105 juris
427 3021 549 3105 publici
574 3021 665 3107 leges
692 3027 794 3103 atque
821 3022 975 3085 instituta
1000 3043 1125 3108 cogno·

211 3133 312 3190 verat.

257 3230 333 3294 Hoc
355 3230 427 3293 loco
453 3231 594 3309 Atticus,
611 3229 770 3293 Putarem
791 3235 834 3309 te,
848 3229 967 3313 inquit,
990 3232 1125 3294 ambiti-

212 3354 310 3398 osum
326 3356 408 3413 esse,
425 3334 462 3413 si,
478 3341 516 3397 ut
538 3334 661 3415 dixisti,
676 3335 711 3414 ii,
727 3355 811 3417 quos
830 3334 962 3419 jamdiu
984 3335 1125 3420 colligis,

212 3440 366 3504 viverent.
414 3440 542 3504 Omnes
569 3440 660 3503 enim
682 3460 935 3519 commemoras,
962 3440 1021 3522 qui
1048 3443 1126 3506 ausi

214 3541 393 3623 aliquando
409 3549 489 3607 sunt
503 3549 629 3608 stantes
645 3544 747 3627 loqui,
763 3550 801 3607 ut
825 3544 908 3607 mihi
928 3544 1126 3631 imprudens
