2542 4117
400 309 536 354 annuus.
580 309 651 353 cnr.
671 310 777 353 xxxv.
999 286 1044 353 4⁷

129 457 256 523 cissem
286 459 431 525 hominis
461 482 569 546 paone
596 461 705 527 infimi
734 462 950 541 mentionem,
978 461 1045 528 nisi

125 564 326 649 judicarem,
341 566 400 648 qui
423 567 638 652 suspiciosius
654 572 714 631 aut
733 567 940 631 criminosius
957 566 1047 631 dice·

127 675 189 749 ret,
223 670 390 735 audivisse
423 691 478 735 me
510 672 687 735 neminem.
741 671 886 735 XXXV.
916 671 1046 736 Doctus

130 775 239 838 etiam
254 774 390 839 Graecis
404 774 442 839 Τ.
456 774 618 840 Albucius
630 776 682 839 vel
698 776 808 860 potius
824 796 928 861 paene
943 776 1044 840 Grae·

128 898 202 942 cua
249 877 393 961 Loquor,
408 884 447 942 ut
462 880 594 964 opinor;
617 879 676 943 sed
690 879 768 943 licet
782 901 822 942 ex
838 880 1044 943 orationibus

125 982 289 1067 judicare.
334 983 416 1048 Fuit
437 990 551 1048 autem
576 985 717 1050 Athenis
741 982 951 1064 adolescens3
974 1004 1045 1069 per·

128 1086 240 1152 fectus
264 1087 446 1173 Epicureus
469 1095 627 1169 evaserat,
643 1089 781 1153 minime
803 1094 921 1174 aptum
937 1088 1045 1152 addi·

129 1193 280 1260 cendum
294 1214 409 1278 genus.

175 1297 252 1361 132.
273 1297 350 1362 Jam
377 1297 419 1375 0„
453 1296 594 1362 Catulus
621 1318 687 1362 nnn
712 1297 849 1380 antiquo
868 1297 925 1361 illo
951 1317 1043 1361 more

130 1406 194 1471 sed
220 1407 284 1471 hoc
307 1414 427 1487 nostro,
442 1408 507 1471 nisi
529 1408 608 1490 quid
630 1406 701 1471 fieri
725 1413 835 1493 potest
859 1407 1044 1493 perfectius,

130 1512 300 1593 eruditus3
322 1511 447 1576 multae
462 1512 584 1591 literae,
597 1533 730 1576 summa
745 1534 813 1577 non
828 1514 917 1577 vitae
933 1513 1042 1578 solum

132 1624 237 1700 atque
262 1624 400 1682 naturae
422 1618 480 1681 sed
502 1619 663 1682 orationis
688 1619 791 1682 etiam
814 1619 972 1699 comitas3
993 1620 1045 1683 in·

132 1729 288 1808 corrupta
320 1724 487 1805 quaedam
523 1723 637 1787 Latini
670 1723 830 1787 sermonis
862 1724 1043 1808 integritas,

132 1849 222 1911 quae
237 1828 375 1913 perspici
389 1849 467 1892 oum
483 1828 741 1892 exorationibus
756 1826 828 1911 ejus
844 1833 954 1911 potest
967 1834 1043 1892 tum

131 1933 291 1997 facillime
315 1954 357 1996 ex
380 1954 421 1995 eo
443 1933 535 2012 libro,
550 1952 651 2016 quem
676 1932 717 1995 de
741 1930 916 1996 consulatu
942 1938 976 1995 et
1001 1932 1044 1996 de

131 2039 233 2102 rebus
247 2039 349 2122 gostis
364 2038 433 2102 suis
449 2039 672 2122 conscriptum
688 2037 829 2100 molliet
845 2036 1044 2122 Xenophon·

131 2148 191 2206 teo
206 2163 325 2227 genere
340 2142 501 2206 sermonis
517 2142 611 2216 misit
625 2141 668 2205 ad
686 2142 726 2205 A.
743 2141 885 2206 Furium
908 2145 1044 2226 potitam

132 2246 332 2311 familiarem
344 2265 461 2326 suum;
476 2247 534 2329 qui
545 2246 625 2309 liber
642 2246 742 2310 nihilo
754 2247 862 2311 notior
876 2254 927 2311 est
940 2270 1044 2332 qnam

131 2352 183 2416 illi
204 2358 278 2430 tren,
298 2351 339 2415 de
361 2352 482 2434 quibus
506 2357 583 2415 ante
605 2350 684 2429 dixi,
709 2350 825 2415 Scauri
845 2350 927 2416 libri.
971 2353 1044 2417 133.

135 2458 228 2522 Tum
245 2457 379 2537 Brutus,
396 2457 482 2521 Mihi
496 2458 631 2540 quidem
648 2478 710 2521 nec
723 2458 787 2522 iste
803 2463 902 2522 notus
917 2466 967 2523 est
983 2481 1045 2525 nec

132 2562 200 2626 illi:
224 2561 282 2626 sed
297 2562 403 2626 haec*
424 2582 499 2626 mea
514 2562 613 2647 culpa
627 2569 694 2642 est3
715 2583 887 2645 nunquam
903 2566 1044 2630 enimin

133 2688 260 2733 manus
273 2667 466 2732 inciderunt
512 2667 611 2731 Nunc
632 2673 746 2731 antem
762 2674 796 2731 et
810 2689 832 2731 a
845 2674 879 2731 te
900 2690 1044 2751 sumam,

134 2779 171 2837 et
184 2773 378 2856 conquiram
393 2773 459 2836 ista
474 2772 613 2857 posthac
627 2774 797 2837 curiosius.
842 2773 925 2838 Fuit
943 2774 1045 2861 igitur

132 2880 172 2943 in
190 2877 312 2942 Catulo
327 2898 434 2942 sermo
451 2877 610 2959 Latinus;
632 2900 720 2961 quac
739 2878 813 2944 laus
828 2879 959 2944 dicendi
976 2901 1044 2945 non

134 2983 310 3048 mediocris
337 2984 380 3047 ab
404 2984 587 3047 oratoribus
611 2983 773 3068 plerisque
803 2984 954 3069 neglecta
985 2990 1044 3049 est.

136 3088 230 3153 Nam
252 3087 294 3151 de
316 3108 399 3152 sono
414 3088 504 3152 vocis
527 3094 561 3152 et
583 3089 748 3152 suavitate
770 3087 1043 3173 appellandarum

133 3192 314 3272 literamm,
342 3194 501 3276 quoniam
530 3191 638 3256 filium
668 3193 862 3278 cognovisti,
892 3192 961 3256 noli
990 3214 1045 3256 ex·

134 3304 287 3384 spectare
309 3298 389 3382 quid
418 3298 547 3362 dicam:
567 3318 774 3381 quamquam
796 3297 885 3362 filius
908 3298 1044 3382 quidem

264 3527 278 3553 *
294 3527 388 3587 Rivius,
399 3527 543 3588 Lambinus,
554 3527 604 3576 aad
616 3526 719 3577 Schutz:
735 3524 776 3575 sm
790 3542 830 3576 nec
845 3542 902 3575 meu.
