2542 4117
227 271 270 340 14
521 294 656 338 saurus.
701 296 771 338 ors.
794 295 840 338 xr.

226 446 460 533 perantiquus;
481 453 521 511 ut
543 448 633 532 apud
658 448 888 527 Athenienses,
904 469 971 511 non
987 447 1037 511 ita
1056 468 1139 510 sane

226 558 331 615 vetus.
377 551 459 616 Fuit
473 553 563 616 enim
578 558 738 638 regnante
757 554 829 637 jam
857 553 1009 631 Graecia,
1025 559 1140 616 nostra

226 662 342 720 autem
366 657 501 721 civitate
524 678 591 721 non
616 658 666 722 ita
692 657 819 742 pridem
842 658 1020 721 dominatu
1047 658 1140 741 regio

225 759 373 828 liberata
420 762 510 825 Nam
526 761 650 825 bellum
668 762 866 825 Volscorum
881 761 964 825 illud
986 762 1141 845 gravissi·

226 886 331 945 mum,
347 868 403 931 cui
427 867 626 931 Coriolanus
647 867 740 930 exsul
760 865 918 945 interfuit,
933 867 1051 929 eodem
1073 865 1141 929 lere

226 976 384 1056 tempore,
410 992 477 1054 quo
508 972 679 1036 Persarum
707 971 830 1035 bellum
857 970 929 1051 suit,
955 970 1142 1053 similisque

226 1075 361 1146 fortuna
384 1075 545 1141 clarorum
568 1078 729 1139 virorum:
754 1076 807 1139 42.
830 1077 859 1139 si
885 1074 1020 1159 quidem
1052 1082 1141 1138 uter-

112 1239 115 1252 ,
226 1202 302 1264 que,
327 1202 404 1245 cum
435 1181 515 1244 civis
545 1181 699 1266 egregius
725 1179 852 1260 suisset,
878 1179 993 1264 populi
1017 1180 1142 1264 ingrati

111 1309 117 1328 ¹
227 1285 343 1371 pulsus
367 1285 488 1368 injuria
514 1307 549 1348 se
580 1286 623 1348 ad
654 1286 765 1349 hostes
791 1285 941 1372 contulit,
966 1290 1141 1348 conatum·

227 1411 293 1473 que
323 1390 513 1453 iracundiae
544 1411 625 1453 suae
655 1396 761 1453 morte
790 1390 936 1453 sedavit:
967 1410 1048 1452 nam
1076 1388 1142 1451 etsi

159 1517 178 1562 r,
228 1494 323 1559 aliter
345 1501 397 1558 est
415 1495 506 1579 apud
527 1500 571 1574 te,
589 1495 710 1574 Attice,
725 1494 767 1558 de
790 1494 979 1573 Coriolano,
995 1493 1142 1570 come-de

227 1605 353 1679 tamen,
373 1606 412 1663 ut
443 1600 519 1663 huic
547 1601 658 1685 generi
685 1600 800 1662 mortis
829 1601 941 1683 potius
969 1599 1141 1661 assentiar.

230 1703 289 1769 XI.
315 1706 362 1769 At
382 1704 436 1768 ille
459 1704 577 1783 ridens,
602 1703 678 1767 Tuo
708 1723 794 1781 vero,
820 1703 938 1786 inquit,
961 1702 1141 1765 arbitratu:

228 1811 390 1893 quoniam
405 1809 541 1893 quidem
553 1828 748 1871 concessum
765 1813 816 1870 est
830 1808 1013 1870 rhetoribus
1028 1827 1140 1869 emen·

228 1916 281 1979 tiri
298 1916 333 1979 in
349 1915 502 1993 historiis,
517 1919 556 1976 ut
571 1911 695 1995 aliquid
715 1911 822 1975 dicere
838 1912 965 1995 possint
980 1911 1140 1995 argutius.

233 2018 281 2083 Ut
306 2020 396 2083 enim
421 2025 461 2082 tu
483 2038 572 2081 nunc
598 2015 640 2079 de
669 2014 857 2095 Coriolano,
881 2016 929 2078 sic
954 2014 1140 2078 Clitarchus

230 2125 279 2189 sic
305 2122 484 2187 Stratocles
510 2121 552 2184 de
576 2119 800 2184 Themistocle
824 2118 929 2183 finxit
973 2118 1025 2183 43.
1049 2119 1140 2184 Nam

229 2248 331 2311 quem
364 2224 583 2311 Thucydides,
607 2224 666 2308 qui
696 2230 731 2288 et
762 2224 975 2288 Atheniensis
1005 2230 1078 2287 erat
1106 2228 1141 2286 et

227 2351 365 2396 summo
397 2330 470 2393 loco
502 2339 601 2392 natus
632 2349 851 2412 summusque
884 2330 933 2391 vir
963 2334 997 2391 et
1027 2327 1139 2412 paullo

230 2441 330 2499 aetate
355 2435 521 2520 posterior,
544 2439 679 2497 tantum
701 2440 871 2497 mortuum
895 2433 1025 2517 scripsit
1051 2440 1086 2497 et
1104 2434 1140 2496 in

233 2540 347 2605 Attica
371 2539 456 2603 clam
485 2540 680 2602 humatum:
707 2537 836 2602 addidit
858 2537 960 2601 fuisse
982 2538 1140 2622 suspicio·

229 2666 310 2710 nem
332 2665 460 2707 veneno
484 2643 547 2706 sibi
570 2643 769 2706 conscivisse
790 2649 950 2707 mortem:
974 2644 1062 2706 hunc
1083 2642 1141 2706 isti

231 2750 338 2829 aiunt,
353 2770 430 2812 cum
454 2754 586 2812 taurum
609 2747 859 2828 immolavisset,
875 2749 1044 2833 excepisse
1066 2770 1140 2812 san·

229 2855 369 2940 guinem
393 2858 517 2938 patera,
539 2858 573 2915 et
593 2873 633 2914 eo
655 2859 734 2936 poto
755 2859 925 2917 mortuum
948 2854 1141 2918 concidisse.

232 2960 333 3025 Hanc
355 2959 445 3023 enim
470 2963 610 3021 mortem
639 2959 797 3022 rhetorice
823 2966 858 3023 et
880 2959 1004 3045 tragice
1027 2980 1142 3023 ornare

232 3073 429 3151 potuerunt:
451 3062 508 3127 illa
533 3083 621 3126 mors
646 3061 790 3148 vulgaris
815 3063 942 3128 nullam
963 3067 1142 3149 praebebat

232 3172 405 3235 materiem
421 3169 464 3231 ad
480 3173 644 3231 ornatum.
691 3166 814 3247 Quare,
829 3169 989 3251 quoniam
1012 3169 1073 3233 tibi
1092 3170 1143 3234 ita

232 3274 374 3357 quadrat
399 3273 513 3335 omnia
536 3272 640 3335 fuisse
666 3272 701 3335 in
735 3272 958 3337 Themistocle
985 3274 1078 3359 paria
1108 3280 1143 3340 et

235 3378 423 3457 Coriolano,
449 3382 597 3461 pateram
623 3397 757 3459 quoque
780 3398 800 3440 a
823 3399 877 3441 me
904 3399 1019 3442 sumas
1044 3377 1142 3442 licet:

231 3484 396 3570 praebebo
413 3482 514 3546 etiarn
534 3481 688 3561 hostiam,
703 3488 743 3545 ut
769 3481 966 3547 Coriolanus
982 3484 1027 3547 sit
1041 3482 1141 3568 plane
