2542 4117
239 295 282 364 32
508 321 643 365 saurus.
689 322 760 365 cnr.
783 323 878 365 xxrv.

239 475 334 559 cujus
357 474 480 538 orbitas
503 480 537 538 et
558 473 657 537 fletus
680 475 761 538 mire
778 474 972 539 miserabilis
992 475 1058 540 fuit
1081 499 1158 563 pro·

237 586 310 665 pter
330 586 495 644 recentem
513 580 708 643 memoriam
724 580 897 643 clarissimi
913 583 1034 665 patris:
1057 584 1156 666 isque

238 705 274 750 se
286 691 358 748 tum
371 685 490 770 eripuit
504 683 643 747 flamma
655 692 785 769 propter
796 707 915 770 pueros
927 686 1157 751 misericordia

238 791 353 876 populi
382 797 563 868 commota,
594 790 680 853 sicut
709 790 798 853 idem
829 792 987 875 scripturn
1018 792 1157 876 reliquit

240 896 336 960 Cato.
383 898 493 978 Atque
514 896 616 958 etiarn
639 896 751 979 ipsum
775 895 941 959 Libonem
956 917 1022 959 non
1043 896 1155 961 inlan-

235 1006 306 1066 tem
329 1000 424 1065 video
446 998 558 1077 luisse,
574 1006 613 1062 ut
632 1020 673 1062 ex
688 1000 893 1064 orationibus
916 1001 987 1085 ejus
1007 1002 1156 1088 intelligi
1188 1031 1191 1037 Δ

238 1111 357 1191 potest

280 1210 331 1274 91.
357 1209 445 1273 Οιιιιι
469 1209 550 1272 haec
572 1208 738 1288 dixissem,
763 1214 798 1272 et
819 1208 970 1293 paullum
992 1210 1155 1293 interqui-

236 1315 388 1393 evissem,
414 1314 507 1391 Quid
529 1314 638 1398 igitur,
654 1314 773 1396 inquit,
788 1319 840 1376 est
861 1335 993 1393 causae,
1012 1314 1154 1390 Brutus,

236 1419 265 1482 si
279 1424 374 1481 tanta
389 1419 491 1481 virtus
511 1419 546 1481 in
570 1425 697 1480 oratore
715 1417 826 1480 Galba
841 1417 912 1497 luit,
927 1440 985 1481 cur
1000 1440 1040 1481 ea
1057 1421 1153 1484 nulla

235 1523 272 1586 in
294 1523 498 1586 orationibus
525 1523 597 1606 ejus
624 1522 806 1608 appareat?
830 1523 920 1604 quod
946 1524 1056 1587 mirari
1080 1547 1152 1589 non

234 1648 373 1713 possum
395 1629 431 1690 in
454 1628 511 1705 eis,
527 1627 584 1710 qui
612 1626 694 1690 nihil
719 1629 857 1690 omnino
878 1628 989 1712 scripti
1010 1628 1152 1711 relique·

233 1738 319 1797 runt
375 1732 502 1796 XXIV.
537 1733 608 1796 Nec
638 1733 727 1794 enirn
757 1740 808 1794 est
838 1732 966 1811 eadem,
996 1733 1151 1815 inquam,

234 1837 347 1917 Brute,
362 1860 464 1902 causa
480 1859 548 1901 non
564 1836 727 1900 scribendi
749 1843 782 1898 et
801 1841 955 1900 nontam
970 1839 1055 1900 bene
1072 1841 1150 1902 scri·

233 1944 335 2007 bendi
360 1964 462 2026 quarn
487 1942 636 2005 dixerint
683 1941 774 2004 Nam
794 1941 946 2005 videmus
969 1942 1053 2005 alios
1076 1965 1149 2007 ora·

232 2053 320 2112 tores
335 2049 453 2111 inertia
468 2047 549 2110 nihil
572 2046 748 2131 scripsisse,
764 2066 806 2109 ne
822 2046 1026 2110 domesticus
1042 2049 1147 2112 etiarn

231 2151 324 2216 labor
336 2151 505 2215 accederet
521 2151 566 2214 ad
578 2151 759 2214 sorensem:
776 2151 951 2235 pleraeque
966 2153 1056 2215 enirn
1071 2155 1148 2217 scri·
1254 2183 1255 2190 ι

230 2259 355 2321 buntur
370 2257 537 2321 orationes
553 2258 685 2320 habitae
703 2256 785 2340 jam,
801 2277 867 2319 non
883 2263 923 2319 ut
943 2257 1147 2323 habeantur:

232 2362 283 2425 92.
307 2362 390 2426 alios
416 2384 484 2426 non
510 2362 670 2441 laborare,
692 2368 731 2425 ut
753 2360 904 2424 meliores
927 2361 1030 2426 fiant:
1053 2365 1149 2429 nulla

231 2468 322 2531 enirn
337 2489 387 2532 res
403 2474 536 2532 tantum
559 2467 603 2531 ad
625 2467 803 2530 dicendum
827 2465 955 2551 proficit
977 2476 1146 2550 quantum
1254 2537 1255 2552 ,

230 2574 383 2658 scriptio:
405 2574 601 2637 memoriam
625 2578 739 2635 autem
763 2572 798 2634 in
826 2578 994 2656 posterum
1017 2574 1147 2658 ingenii

230 2682 282 2744 sui
299 2703 366 2745 non
381 2681 579 2758 desiderant,
595 2701 673 2743 cum
689 2701 723 2743 se
740 2685 861 2764 putant
881 2680 962 2743 satis
977 2701 1145 2766 magnam

230 2785 369 2870 adeptos
388 2806 460 2848 esse
476 2784 607 2848 dicendi
630 2784 779 2870 gloriam,
795 2805 937 2867 eamque
952 2786 1055 2848 etiam
1072 2808 1146 2851 ma·

226 2890 332 2975 jorem
355 2890 465 2953 visum
490 2890 539 2969 iri,
566 2890 654 2953 siin
680 2890 944 2954 existimantium
969 2891 1144 2957 arbitrium

230 3016 292 3059 sua
314 2995 434 3079 scripta
449 3016 516 3058 non
531 2995 696 3058 venerint:
720 2994 811 3073 alios,
827 2994 916 3076 quod
938 2994 1059 3058 melius
1081 3018 1145 3080 pu·

228 3106 302 3165 tent
324 3100 429 3163 dicere
449 3121 484 3163 se
500 3120 597 3185 posse
619 3119 722 3181 quarn
745 3100 899 3177 scribere3
921 3099 1010 3181 quod
1036 3102 1143 3183 perin-

229 3205 374 3290 geniosis
389 3205 582 3269 hominibus
598 3224 706 3287 neque
721 3204 802 3265 satis
823 3203 929 3266 doctis
945 3203 1142 3288 plerumque

229 3309 394 3393 contingit
414 3317 454 3372 ut
474 3310 539 3394 ipsi
563 3309 701 3387 Galbae,
722 3307 773 3371 93.
800 3330 900 3391 quern
926 3308 1066 3372 sortasse
1089 3312 1140 3375 vis

228 3433 296 3475 non
319 3414 445 3498 ingenii
468 3413 575 3475 solum
592 3413 649 3476 sed
668 3413 771 3476 etiam
794 3415 899 3477 animi
922 3421 956 3477 et
978 3414 1140 3479 naturalis

228 3517 367 3601 quidam
383 3517 475 3582 dolor
489 3517 655 3581 dicentem
674 3518 883 3598 incendebat,
899 3517 1139 3601 efficiebatque,
