2542 4117
414 345 551 394 saurus.
596 352 666 395 one.
692 352 808 396 nxxrv.
1024 333 1067 399 97

147 502 217 588 phi.
275 500 348 567 256.
382 501 511 568 Verum
540 503 676 588 quidem
708 506 736 570 si
767 505 881 570 audire
910 507 1065 574 volumus

148 608 285 672 omissis
312 608 376 672 illis
398 608 519 673 divinis
542 610 697 689 consiliis,
721 612 843 694 quibus
867 634 966 697 saepe
988 636 1066 678 con·

147 713 272 776 stituta
296 720 347 777 est
367 714 605 798 imperatomm
628 716 794 800 sapientia
809 716 899 780 salus
921 718 1065 784 civitatis

147 823 211 880 aut
227 817 305 880 belli
321 824 382 881 aut
396 818 498 898 domi,
511 819 617 883 multo
630 840 775 905 magnus
794 826 904 884 orator
918 829 1066 906 praestat

147 922 292 986 minutis
306 922 569 1007 imperatoribus.
616 925 663 988 At
682 925 815 1009 prodest
835 925 909 1010 plus
925 927 1066 1011 impera·

147 1031 211 1089 tor.
260 1026 348 1105 Quis
378 1027 503 1111 negat?
534 1028 592 1093 sed
618 1035 733 1093 tamen
762 1030 843 1113 (non
870 1037 996 1110 metuo,
1022 1052 1065 1096 ne

148 1132 234 1195 mibi
256 1132 466 1197 acclametis:
489 1139 540 1196 est
561 1140 685 1212 autem,
700 1134 792 1217 quod
808 1137 941 1214 sentias,
955 1136 1065 1199 dicen·

148 1237 186 1299 di
211 1237 292 1300 liber
310 1237 418 1323 locus)
448 1237 563 1301 malim
584 1239 667 1302 mibi
691 1238 730 1302 1.
749 1239 859 1302 Crassi
879 1260 983 1303 unam
1006 1261 1065 1325 pro

151 1339 210 1405 Μ’.
230 1341 332 1405 Curio
348 1343 529 1405 dictionem
545 1364 649 1425 quam
665 1343 864 1407 castellanos
878 1345 1065 1429 triumphos

149 1445 247 1510 duos.
294 1448 341 1510 At
367 1447 441 1531 plus
469 1448 618 1511 interfuit
644 1449 691 1511 rei
713 1447 866 1533 publicae
890 1450 1065 1514 castellum

148 1552 227 1635 capi
254 1550 418 1636 Ligurum
444 1555 655 1635 quambene
683 1552 813 1616 defendi
840 1574 978 1617 causam
1010 1554 1066 1618 Μ’.

152 1656 257 1719 Curii.
305 1656 420 1720 Crede.
465 1656 538 1720 257.
564 1657 632 1721 Sed
661 1658 915 1721 Atheniensium
931 1681 1064 1742 quoque

148 1760 226 1845 plus
255 1761 404 1824 interfuit
433 1760 529 1825 firma
558 1767 648 1824 tecta
673 1762 707 1824 in
739 1761 916 1825 domiciliis
946 1764 1066 1827 habere

148 1887 254 1949 quam
279 1865 448 1930 Minervae
465 1866 599 1951 signum
617 1887 657 1928 ex
673 1867 770 1928 ebore
793 1865 1066 1950 pulcherrimum

147 1976 265 2035 tamen
290 1992 353 2056 ego
377 1992 432 2033 me
457 1970 611 2035 Phidiam
635 1991 708 2033 esse
731 1970 865 2033 mallem
890 1992 992 2054 quam
1013 1972 1066 2036 vel

148 2076 317 2160 optimum
340 2074 470 2140 labrum
491 2076 683 2161 tignarium.
731 2075 845 2153 Quare
869 2097 947 2157 non,
962 2098 1066 2159 quan·

146 2186 224 2244 tum
244 2182 387 2264 quisque
403 2182 514 2265 prosit,
532 2180 590 2245 sed
612 2181 732 2264 quanti
754 2181 895 2263 quisque
918 2182 969 2261 sit,
984 2203 1065 2266 pon·

147 2285 335 2349 derandum
367 2291 427 2365 est,
459 2287 652 2369 praesertim
685 2307 763 2349 cum
796 2286 897 2370 pauci
928 2287 1064 2371 pingere

147 2391 282 2475 egregie
307 2391 436 2475 possint
459 2397 519 2453 aut
544 2389 677 2475 fingere,
701 2391 840 2474 operarii
864 2398 978 2454 autem
1004 2399 1064 2456 aut

147 2495 255 2580 bajuli
277 2494 392 2558 deesse
413 2515 481 2558 non
504 2496 642 2579 possint.
689 2494 852 2558 LXXIV.
896 2495 969 2558 258.
995 2496 1062 2560 Sed

146 2620 260 2685 perge,
283 2599 457 2684 Pomponi,
479 2600 520 2663 de
548 2599 700 2678 Caesare,
722 2605 756 2662 et
776 2598 885 2678 redde,
907 2621 995 2682 quae
1016 2622 1064 2663 re·

148 2711 251 2769 stant.

196 2810 314 2874 Solum
330 2810 477 2893 quidem,
492 2810 603 2893 inquit
623 2809 688 2888 ille,
703 2813 737 2872 et
751 2809 848 2892 quasi
868 2807 1063 2874 fundamen·

147 2920 223 2978 turn
258 2916 394 2978 oratoris
423 2914 516 2978 vides
546 2915 751 2979 locutionem
783 2916 997 2978 emendatam
1030 2920 1063 2977 et

150 3018 330 3099 Latinam;
352 3019 449 3103 cujus
466 3041 566 3104 penes
585 3040 669 3102 quos
685 3019 758 3081 laus
781 3020 889 3083 adbuc
906 3018 979 3098 luit,
995 3039 1063 3082 non

147 3122 214 3187 luit
235 3124 373 3187 rationis
395 3129 456 3187 aut
477 3124 635 3187 scientiae
657 3123 714 3185 sed
736 3124 832 3206 quasi
854 3126 963 3186 bonae
986 3144 1063 3186 con·

147 3227 346 3291 suetudinis.
393 3227 494 3293 Mitto
527 3228 563 3292 C.
595 3225 750 3291 Laelium
782 3227 817 3291 P.
851 3227 1063 3313 Scipionem3

146 3334 270 3402 aetatis
294 3332 381 3397 illius
396 3334 462 3397 ista
484 3332 549 3397 luit
569 3332 644 3397 laus
659 3339 834 3415 tamquam
850 3333 1062 3396 innocentiae

147 3441 195 3503 sic
220 3439 343 3503 Latine
365 3438 626 3521 loquendi;.nec
649 3438 801 3502 omnium
824 3446 956 3502 tament
981 3460 1061 3503 nam

146 3544 280 3609 illorum
308 3543 464 3628 aequales
494 3543 680 3608 Caecilium
707 3551 741 3607 et
766 3543 951 3608 Pacuvium
975 3544 1062 3609 male

497 3652 517 3713 7
