2542 4117
241 276 284 344 96
501 297 636 344 saurus.
682 298 752 342 cnr.
776 299 896 344 rxxru.

240 453 299 515 bro
319 450 437 516 dixerit
460 452 626 518 verboram
641 451 794 516 delectam
816 452 975 537 anginam
998 475 1066 520 esse
1091 457 1158 521 elo·

240 559 397 638 quentiae,
412 558 637 639 tribueritque,
653 558 698 620 mi
722 557 836 636 Brute,
851 558 929 621 huic
950 566 1073 639 nostro,
1095 562 1158 643 qui

241 681 297 726 me
312 662 353 724 de
368 661 424 725 illo
436 662 555 726 maluit
570 683 672 745 quarn
685 683 721 724 se
733 661 849 739 dicere,
860 661 993 726 laudem
1008 665 1157 750 singula·

239 787 328 831 remo
351 788 429 831 nam
453 768 582 851 scripsit
605 768 655 831 his
672 768 788 846 verbis,
804 789 881 832 cum
904 768 993 832 huno
1016 771 1154 835 nomine

240 878 328 937 esset
353 870 491 936 affatus:
514 893 553 936 ac
574 873 612 950 st,
635 880 669 937 at
691 874 834 955 cogn‘lolo
851 876 1019 953 praeclare
1046 877 1154 957 eloqui

233 985 375 1059 possent,
389 977 533 1041 nonnulli
547 975 652 1041 slndlo
669 984 699 1042 el
716 997 777 1040 nsn
791 979 1043 1058 elaboraverant,
1061 983 1152 1065 copas

239 1089 269 1150 te
289 1103 390 1163 poene
409 1083 587 1163 prinoipem
611 1083 720 1162 copiae
736 1090 829 1162 atque
852 1085 1048 1149 inventorem
1072 1087 1152 1150 bene

239 1186 279 1256 de
291 1189 415 1252 nomine
427 1208 465 1251 ac
476 1187 633 1271 dr'gnllale
646 1189 757 1267 popnll
775 1187 914 1252 Romana
924 1191 1069 1255 meritam
1081 1210 1151 1255 csse

238 1292 602 1360 contemnabamus:
625 1292 708 1355 lano
723 1295 858 1374 facilem
882 1301 911 1358 et
932 1294 1151 1374 qnotidianam

236 1400 363 1464 novisse
378 1418 551 1463 sermonen
565 1419 651 1464 nnnc
669 1419 729 1478 pro
751 1399 863 1463 relicto
879 1407 926 1464 est
947 1400 1151 1465 emendam?

239 1502 401 1568 LXXIII.
446 1503 519 1567 254.
544 1503 633 1568 Tum
652 1504 784 1581 Brutus,
802 1503 930 1583 Amice,
947 1505 1087 1584 hercule,
1102 1507 1151 1569 in·

237 1609 319 1692 quit,
334 1614 369 1672 et
390 1607 567 1694 magnifiee
593 1614 626 1672 te
647 1608 822 1672 laudatum
845 1615 937 1693 puto,
957 1631 1058 1692 quem
1082 1631 1151 1675 non

238 1713 348 1779 solum
367 1714 548 1799 principem
570 1719 670 1796 atque
693 1714 898 1776 inventorem
919 1714 1036 1798 copiae
1061 1715 1150 1779 dixe·

236 1820 287 1900 rit,
299 1840 386 1903 quae
398 1825 467 1883 erat
479 1840 603 1904 magna
613 1817 697 1896 laus,
709 1817 880 1881 sedetiam
893 1820 977 1883 bene
990 1820 1149 1885 meritum

237 1925 279 1990 de
305 1925 420 2011 populi
447 1925 593 1990 Romani
623 1925 759 1988 nomine
784 1931 818 1987 et
843 1923 1017 2009 dignitate.
1067 1925 1149 2003 Quo

236 2031 327 2094 enirn
356 2050 425 2094 uno
451 2030 666 2093 vincebamur
689 2050 709 2092 a
733 2029 821 2092 victa
850 2029 1003 2108 Graecia,
1025 2030 1060 2095 id
1088 2037 1149 2096 aut

236 2142 385 2220 ereptum
408 2134 472 2199 illis
490 2139 542 2197 est
563 2141 623 2197 aut
645 2140 731 2198 certe
753 2134 849 2197 nobis
870 2135 1033 2198 cumillis
1056 2157 1148 2200 com·

235 2242 454 2305 manicatum.
497 2238 571 2304 255.
596 2238 698 2303 Hanc
720 2244 843 2318 autem,
865 2239 984 2321 inquit,
1004 2239 1147 2325 gloriam

233 2344 530 2427 testimoniumque
555 2343 706 2407 Caesaris
726 2349 806 2407 tuae
821 2344 957 2426 quidem
980 2343 1147 2430 supplica·

232 2448 318 2513 tioui
333 2470 400 2513 non
416 2449 474 2512 sed
489 2449 665 2532 triumphis
686 2448 866 2511 multorum
881 2453 1059 2532 antepono.
1098 2450 1147 2515 Et

232 2560 320 2619 recte
341 2553 487 2637 quidem,
501 2554 651 2636 inquam,
666 2552 780 2631 Brute,
796 2552 897 2615 modo
913 2554 957 2615 sit
978 2554 1042 2617 hoo
1060 2554 1145 2618 Cae·

233 2659 441 2744 sarisjudicii
452 2680 519 2723 non
530 2657 778 2721 benevolentiae
790 2657 1028 2721 testimonium.
1062 2658 1144 2724 Plus

233 2765 324 2830 enim
350 2769 435 2827 certe
458 2761 570 2826 attulit
596 2762 674 2825 huic
698 2761 822 2846 populo
846 2761 1028 2846 dignitatis,
1054 2764 1145 2845 quis·-

233 2870 309 2953 quis
324 2873 375 2932 est
389 2867 453 2947 ille,
469 2868 498 2930 si
518 2865 619 2929 modo
635 2871 687 2929 est
702 2866 831 2948 aliquis,
845 2867 904 2949 qui
919 2888 987 2931 nou
1002 2867 1144 2933 illustra·

232 2976 281 3040 vit
303 2975 404 3039 modo
427 2973 483 3037 sed
507 2972 610 3036 etiam
626 2973 742 3057 genuit
764 2973 801 3035 in
825 2972 888 3036 hac
903 2974 987 3036 ,urbe
1009 2973 1144 3038 dicendi

233 3081 376 3166 copiam,
401 3100 504 3162 quam
525 3077 583 3156 illi,
605 3078 664 3160 qui
692 3076 855 3162 Ligurum
878 3078 1014 3142 castella
1041 3100 1143 3164 expu-

232 3191 434 3272 gnaverunt3
450 3205 490 3247 ex
505 3183 626 3266 quibus
643 3182 739 3246 multi
754 3187 842 3262 sunt,
857 3188 896 3246 ut
911 3184 1011 3263 scitis,
1026 3186 1142 3249 trium·

262 3376 275 3401 ⁸·
291 3377 321 3426 In
333 3376 374 3425 the
385 3389 489 3439 passage
500 3372 562 3422 from
577 3371 624 3430 Qui
634 3381 660 3422 to
670 3371 801 3434 noandum,
813 3373 854 3424 the
864 3383 930 3424 most
940 3384 1040 3440 corrupt
1050 3377 1079 3427 of
1091 3377 1141 3428 thir

229 3457 302 3519 book,
314 3458 355 3507 the
366 3455 459 3506 textos
471 3453 559 3519 Meyer
568 3453 613 3504 has
624 3454 687 3504 been
698 3455 812 3519 adopted,
822 3470 850 3506 as
861 3455 944 3522 being,
955 3473 989 3507 on
1000 3458 1040 3509 the
1052 3459 1141 3520 whole,

230 3538 272 3589 the
283 3546 349 3588 most
358 3537 519 3601 satisfactory.
