2542 4117
407 329 544 374 neurus.
589 331 660 374 our.
683 331 775 376 nxrx.
1002 310 1043 377 91

127 487 206 546 tum
224 483 345 548 studiis
360 484 714 568 exercitationibusque
730 485 935 570 conjunctus.
974 485 1046 550 Hu-

124 588 184 672 jus
205 590 296 652 actio
312 610 378 653 non
402 590 483 653 satis
506 589 765 653 commendabat
788 591 986 671 orationem;
1009 591 1043 654 in

128 694 195 758 hac
221 696 310 758 enim
337 696 419 758 satis
443 701 513 758 erat
535 695 652 780 copiae
668 695 702 758 in
719 695 775 758 illa
791 703 904 757 autem
927 695 1045 778 leporis

127 817 260 881 parum.
305 796 378 860 241.
407 796 489 860 Erat
512 797 583 881 ejus
613 797 762 879 aequalis
793 796 828 860 P.
863 798 1046 861 Autronius

125 922 214 965 voce
237 909 394 987 peracuta
417 907 516 984 atque
539 923 663 986 magna
679 923 740 965 nec
756 901 871 964 aliare
886 901 954 964 ulla
975 922 1046 984 pro·

127 1007 261 1086 babilis,
277 1013 311 1070 et
327 1007 365 1070 L.
384 1006 545 1070 Octavius
563 1006 736 1086 Reatinus,
752 1007 810 1089 qui
828 1027 905 1069 curn
922 1006 1045 1069 multas

124 1114 199 1198 jam
224 1135 344 1176 causas
366 1113 497 1190 diceret,
519 1112 710 1175 adolescens
734 1118 786 1177 est
808 1121 966 1176 mortuus.
1012 1113 1045 1177 Is

126 1223 246 1281 tamen
279 1217 323 1280 ad
351 1216 532 1280 dicendum
562 1218 718 1281 veniebat
747 1219 856 1303 magis
886 1217 1045 1281 audacter

127 1344 233 1406 quam
250 1328 372 1407 parate.
407 1321 454 1385 Et
469 1322 506 1385 C.
522 1321 689 1400 Staienus,
700 1323 758 1405 qui
770 1344 805 1386 se
821 1324 891 1406 ipse
905 1323 1043 1408 adopta·
1104 1353 1106 1366 ι

125 1434 222 1491 verat
237 1434 272 1491 et
297 1428 338 1491 de
357 1427 496 1491 Staieno
511 1427 646 1490 Aelium
669 1425 798 1506 lecerat,
813 1426 939 1490 fervido
962 1448 1044 1511 quo·
1124 1495 1126 1504 .

127 1531 210 1596 dam
226 1538 260 1596 et
274 1533 437 1617 petulanti
454 1539 487 1595 et
506 1532 630 1595 furioso
646 1553 764 1617 genere
781 1532 930 1612 dicendi;
952 1531 1043 1616 quod
1081 1549 1083 1566 ¹
1151 1539 1155 1544 '

127 1638 210 1721 quia
234 1637 349 1701 multis
373 1644 504 1722 gratum
529 1644 599 1700 erat
621 1644 655 1700 et
682 1638 890 1720 probabatur,
906 1637 1044 1701 adscen-

126 1742 233 1807 disset
256 1742 298 1805 ad
322 1743 472 1822 honores,
488 1743 552 1804 nisi
574 1743 607 1804 in
631 1742 777 1805 facinore
794 1740 972 1803 manifesto
989 1740 1044 1804 de·

126 1848 311 1932 prehensus
344 1868 470 1931 poenas
501 1846 631 1931 legibus
665 1852 700 1909 et
728 1845 855 1929 judicio
889 1845 1044 1909 dedisset.

129 1952 258 2016 LXIX.
304 1951 377 2014 242.
401 1950 532 2014 Eodem
557 1957 705 2035 tempore
724 1950 761 2013 C.
777 1956 811 2013 et
828 1950 866 2013 L.
886 1950 1044 2034 Caepasii

125 2055 243 2120 fratres
267 2054 409 2134 suerunt,
424 2057 482 2139 qui
507 2056 614 2119 multa
639 2077 738 2140 opera
760 2056 868 2141 ignoti
890 2056 1042 2119 homines

125 2167 160 2225 et
182 2162 347 2246 repentini
369 2167 561 2243 quaestores
577 2160 723 2223 celeriter
742 2160 825 2223 iacti
846 2167 933 2237 sunt,
949 2161 1043 2244 oppi-

126 2265 218 2329 dano
242 2266 390 2348 quodam
414 2271 448 2329 et
467 2265 639 2329 incondito
655 2286 773 2350 genere
794 2265 934 2328 dicendi.
974 2264 1042 2329 Ad·

125 2370 250 2434 damus
274 2371 338 2433 hnc
360 2371 472 2448 etiarn,
489 2392 529 2432 ne
552 2391 652 2453 quem
675 2370 824 2433 vocalem
848 2372 1040 2455 praeterisse

122 2475 309 2554 videamur,
337 2475 374 2538 C.
400 2475 603 2538 Cosconium
630 2474 853 2553 Calidianum,
869 2476 926 2556 qui
950 2475 1040 2539 nullo

125 2581 283 2645 acumine
299 2600 374 2643 eam
389 2586 501 2643 tamen
516 2581 689 2642 verborum
704 2579 846 2666 copiam,
863 2579 915 2641 si*
936 2601 1039 2660 quam

125 2686 281 2763 habebat,
298 2687 474 2769 praebebat
496 2683 620 2768 populo
639 2705 716 2746 cum
740 2682 846 2746 multa
867 2704 1040 2747 concursa-

124 2791 218 2854 tione
242 2810 432 2874 magnoque
455 2789 606 2852 clamore.
655 2787 757 2865 Quod
781 2789 870 2852 idem
896 2788 1041 2853 iaciebat

129 2894 173 2973 Q.
193 2896 316 2971 Arrius,
331 2894 388 2976 qui
411 2893 474 2957 fuit
498 2893 543 2956 M.
564 2893 674 2956 Crassi
690 2894 786 2976 quasi
807 2883 1039 2957 secundamm.

126 2999 160 3065 Is
177 3000 333 3063 omnibus
349 2998 501 3082 exemplo
524 2997 623 3060 debet
644 3019 725 3077 esse,
741 3005 907 3080 quantum
923 2999 958 3060 in
978 2999 1039 3061 bac

124 3107 206 3168 urbe
223 3103 348 3189 polleat
362 3102 582 3166 multorum**
603 3103 734 3165 obedire
755 3103 895 3187 tempori
918 3101 1039 3164 multo·

156 3303 171 3328 ”
186 3304 287 3353 Ernesti
303 3303 353 3352 and
370 3301 475 3353 Senon:
491 3302 588 3367 copiam,
603 3317 673 3366 quom
690 3301 800 3363 lobeton
815 3301 921 3365 striking
936 3308 981 3350 out
995 3300 1038 3353 the

122 3384 160 3445 ⁸2⁹5
175 3385 221 3433 but
232 3385 392 3449 improperly.

157 3464 185 3490 '⁴’
202 3466 258 3516 One
269 3466 422 3530 manuscript
432 3466 489 3527 and,
500 3464 627 3530 following
638 3466 693 3528 this,
701 3465 795 3516 several
806 3465 896 3515 editors
908 3464 970 3514 omit
980 3462 1035 3516 mul·

124 3553 205 3597 torum.
