2542 4117
420 353 557 397 usurus.
601 353 672 396 cnr.
695 351 790 398 xnn1.
1019 330 1062 395 57

147 506 196 570 nii
223 528 290 571 non
314 506 448 571 laudern
474 507 575 570 modo
599 506 783 570 sedetiam
806 506 1061 570 admirationem

147 618 201 674 est
222 618 431 676 consecutus.
477 612 549 675 160.
572 610 729 675 Defendit
751 618 868 696 postea
892 611 1061 676 Liciniam

146 716 320 802 virginem,
345 738 424 781 curn
449 738 554 781 annos
581 738 681 780 xxvn
708 723 808 780 natus
832 724 935 781 esset:
957 718 992 781 in
1020 737 1061 781 ea

144 821 222 906 ipsa
237 843 340 885 causa
356 821 419 886 luit
434 821 734 903 eloquentissimus
750 822 974 905 orationisque
990 823 1061 906 ejus

146 927 287 1011 scriptas
317 926 480 1010 quasdam
510 932 619 1011 partes
649 926 788 1009 reliquit
835 926 955 990 Voluit
983 926 1062 990 ado·

145 1029 274 1094 lescens
298 1032 334 1094 in
358 1030 489 1095 colonia
514 1031 722 1095 Narbonensi
743 1053 868 1095 causae
891 1030 1061 1116 popularis

145 1134 273 1218 aliquid
299 1137 460 1221 attingere
475 1158 617 1220 eamque
633 1137 811 1217 coloniam,
825 1143 865 1201 ut
886 1136 973 1217 feeit,
989 1139 1061 1223 ipse

144 1239 318 1304 deducere.
364 1241 485 1305 Exstat
509 1243 543 1305 in
571 1263 648 1305 eam
675 1242 783 1327 legem
811 1242 928 1322 senior,
949 1249 987 1306 ut
1013 1244 1062 1307 ita

144 1344 267 1424 dicam,
292 1367 394 1428 quam
416 1346 473 1410 illa
495 1352 589 1410 aetas
610 1345 744 1425 ferebat,
767 1349 884 1411 oratio.
931 1348 1061 1412 Multae

143 1448 266 1513 deinde
281 1471 421 1531 causae3
444 1450 503 1514 sed
518 1452 565 1515 ita
581 1452 704 1515 tacitus
720 1453 917 1532 tribunatus,
933 1459 980 1532 ut,
996 1454 1061 1517 nisi

141 1554 181 1616 in
207 1575 248 1618 eo
274 1556 474 1640 magistratu
504 1557 712 1620 coenavisset
742 1556 833 1642 apud
863 1579 1059 1643 praeconem

146 1656 323 1739 Granium,
348 1659 449 1743 idque
476 1661 527 1723 bis
555 1662 651 1724 nobis
675 1662 873 1725 narravisset
899 1661 1060 1743 Lucilius,

77 1781 84 1792 ·
141 1764 315 1827 tribunum
328 1765 432 1849 plebis
444 1767 646 1830 nesciremus
661 1766 773 1829 fuisse.
811 1765 884 1830 161.
908 1767 960 1829 lta
976 1789 1061 1852 pror·

142 1890 212 1950 sus,
227 1870 337 1953 inquit
356 1871 499 1935 Brutus:
522 1872 579 1935 sed
596 1893 638 1934 nc
654 1871 695 1933 de
719 1870 900 1935 Scaevolae
923 1870 1059 1952 quidem

140 1975 315 2038 tribunatu
331 1974 515 2058 quidquam
532 1975 699 2039 audivisse
715 1974 836 2054 videor,
852 1981 979 2038 etcum
995 1974 1062 2038 col·

139 2078 253 2164 legam
288 2080 401 2144 Crassi
431 2080 527 2144 credo
554 2082 667 2144 fuisse.
724 2080 892 2144 Omnibus
922 2081 1058 2163 quidem

140 2184 227 2263 aliis,
239 2185 390 2268 inquam,
402 2187 436 2248 in
452 2187 711 2271 magistratibus,
727 2185 785 2249 sed
801 2186 952 2250 tribunus
968 2207 1058 2249 anno

139 2295 219 2373 post
234 2288 305 2368 luit,
318 2312 423 2372 eoque
435 2291 470 2353 in
483 2291 594 2354 rostris
610 2291 745 2354 sedente
761 2291 867 2355 suasit
884 2291 1058 2355 Serviliam

139 2392 250 2479 legem
277 2396 425 2458 Crassus.
471 2396 561 2459 Nam
586 2416 761 2459 censuram
791 2396 863 2459 sine
896 2395 1058 2460 Scaevola

139 2499 254 2582 gessit.
299 2499 389 2562 Eum
413 2500 504 2563 enim
529 2501 764 2586 magistratum
786 2521 886 2563 nemo
906 2521 1056 2583 unquam

143 2601 381 2667 Scaevolarum
397 2605 521 2689 petivit.
563 2604 630 2668 Sed
647 2605 728 2668 haec
747 2605 858 2667 Crassi
874 2626 950 2668 curn
967 2606 1058 2670 edita

139 2708 249 2770 oratio
272 2714 331 2788 est,
346 2730 449 2791 quam
465 2716 498 2772 te
514 2731 614 2794 saepe
636 2709 757 2795 legisse
773 2716 861 2773 certo
883 2711 961 2788 scio,
976 2732 1058 2793 qua·

138 2817 216 2874 tuor
238 2818 273 2875 et
294 2814 431 2898 triginta
452 2820 527 2877 tum
551 2816 695 2878 habebat
718 2836 834 2894 annos,
848 2815 1056 2897 totidemque

138 2918 238 2980 annis
266 2918 348 2981 mihi
374 2925 483 2982 aetate
505 2922 704 3003 praestabat.
751 2918 840 2983 His*
865 2920 954 2982 enim
980 2940 1057 2983 con·

138 3021 269 3085 sulibus
281 3044 358 3086 eam
371 3023 479 3108 legem
492 3025 606 3102 suasit,
618 3025 739 3106 quibus
752 3024 823 3086 nati
839 3044 965 3100 sumus,
976 3043 1055 3086 cum

136 3127 212 3211 ipse
224 3134 311 3192 esset
330 3128 372 3205 Q.
387 3129 557 3214 Caepione
569 3128 705 3192 consule
717 3133 816 3191 natus
832 3134 867 3190 et
884 3126 921 3189 C.
939 3126 1055 3191 Laelio

136 3232 283 3296 triennio
306 3234 380 3317 ipso
403 3235 511 3297 minor
533 3254 635 3316 quam
661 3234 838 3297 Antonius.
886 3232 989 3309 Quod
1006 3231 1055 3295 id·

136 3337 226 3400 circo
250 3339 356 3421 posui,
378 3344 426 3418 ut,
448 3338 580 3401 dicendi
605 3338 727 3402 Latine
750 3339 857 3424 prima
877 3337 1054 3402 maturitas

505 3555 518 3580 ⁴*
534 3556 632 3622 Meyer:
649 3556 686 3606 iia.
