2542 4117
228 297 272 364 58
497 318 633 361 sauros.
678 318 749 361 car.
771 318 861 361 mv.

228 474 264 537 in
279 493 348 556 qua
362 477 473 536 aetate
488 474 677 551 exstitisset,
692 478 807 557 posset
821 472 945 551 notari3
968 478 1003 535 et
1025 472 1149 536 intelli·

230 585 361 664 geretur
377 579 450 663 jam
472 578 516 642 ad
538 599 711 642 summum
727 599 834 662 paene
849 598 920 640 esse
936 577 1149 662 perductam,

230 689 271 748 ut
291 705 333 747 eo
359 683 442 747 nihil
465 683 566 747 ferme
592 684 772 767 quisquam
799 682 918 746 addere
941 689 1065 767 posset,
1082 683 1150 746 nisi

230 789 289 872 qni
305 810 326 852 a
341 789 549 874 philosophia
571 811 592 852 a
610 790 684 874 jure
699 789 788 852 civili
808 791 851 852 ab
868 790 1003 851 historia
1024 789 1150 851 fuisset

230 894 427 957 instructior.
472 894 601 957 XLIV.
645 894 719 958 162.
743 894 825 972 Erit,
850 895 961 976 inquit
988 892 1035 956 M.
1064 894 1150 957 Bru·

231 1004 297 1078 tus,
319 1004 380 1062 aut
401 999 472 1083 jarn
495 1005 547 1062 est
568 1001 642 1078 iste,
655 1020 756 1082 quem
777 999 972 1083 exspectas?
1010 998 1149 1077 Nesci0‚

231 1104 379 1187 inquam.
426 1103 494 1168 Sed
518 1110 569 1167 est
588 1105 691 1167 etiam
716 1104 756 1166 L.
777 1104 888 1167 Crassi
909 1105 944 1166 in
967 1104 1151 1167 consulatu

232 1229 291 1294 pro
317 1207 360 1285 Q„
386 1208 574 1292 Caepione3
595 1208 787 1271 defensione
805 1209 923 1293 juncta
945 1230 1013 1272 non
1038 1209 1150 1271 brevis
1258 1235 1259 1250 ¹

232 1318 272 1376 nt
294 1312 454 1391 laudatio,
483 1319 523 1376 ut
548 1314 654 1376 oratio
680 1318 795 1377 antem
822 1314 947 1393 brevis3
976 1319 1150 1398 postrema

232 1418 377 1481 censoris
400 1418 514 1497 oratio,
540 1440 608 1501 qua
633 1440 722 1481 anno
753 1418 1149 1503 duodequinquagesimo

231 1543 314 1585 usus
329 1527 388 1584 est
434 1522 473 1584 In
490 1523 540 1585 his
556 1525 711 1586 omnibus
729 1525 818 1587 inest
836 1524 974 1606 quidam
989 1524 1062 1586 sine
1077 1523 1150 1586 ullo
1258 1523 1259 1534 ’

232 1625 309 1691 fuco
335 1628 481 1691 veritatis
503 1627 599 1691 color.
648 1627 742 1706 Quin
769 1630 871 1691 etiam
894 1629 1150 1712 comprehensio
1258 1629 1259 1650 ¹

232 1740 267 1797 et
281 1735 427 1797 ambitus
438 1732 494 1797 ille
505 1736 689 1812 verborum,
701 1735 730 1797 si
744 1735 792 1797 sic
805 1734 971 1811 repleton'*
988 1734 1152 1818 appellari

233 1839 350 1924 placet,
366 1846 437 1903 erat
460 1839 551 1925 apud
574 1840 669 1904 illum
695 1847 884 1904 contractus
905 1846 941 1903 et
961 1841 1086 1919 brevis;
1114 1845 1152 1903 et

232 1946 267 2009 in
291 1947 442 2008 membra
464 1945 640 2027 quaedam,
662 1966 748 2028 qnae
774 1953 845 2005 κῶλα
873 1945 993 2008 Graeci
1014 1951 1151 2023 vocant,

233 2050 447 2134 dispertiebat
461 2051 645 2114 orationem
660 2050 837 2115 lubentius.
881 2051 955 2115 163.
980 2052 1057 2115 Ηο0
1072 2052 1150 2115 loco

234 2154 369 2233 Brutus,
388 2152 671 2237 Quandoquidem
693 2163 732 2220 tu
754 2158 837 2220 istos
858 2163 1011 2235 oratores,
1026 2158 1150 2239 inquit,

231 2265 327 2323 tanto
340 2280 437 2344 opere
449 2259 576 2338 laudas,
587 2261 704 2325 vellem
719 2261 845 2344 aliquid
859 2263 1007 2325 Antonio
1021 2267 1152 2346 praeter

232 2364 327 2428 illum
353 2364 394 2426 de
420 2366 548 2428 ratione
578 2365 710 2430 dicendi
735 2388 816 2429 sane
842 2366 959 2430 exilem
986 2367 1151 2446 libellum,

234 2469 327 2553 plura
346 2469 466 2532 Crasso
481 2470 632 2536 libuisset
653 2474 809 2534 scribere:
832 2493 910 2535 oum
926 2473 1014 2535 enim
1040 2472 1150 2535 omni·

232 2576 296 2637 bus
309 2576 505 2639 memoriam
518 2577 572 2639 sui
586 2583 659 2640 tum
672 2578 774 2640 etiam
787 2577 999 2662 disciplinam
1014 2577 1150 2640 dicendi

233 2681 328 2743 nobis
354 2681 569 2763 reliquissent.
615 2683 707 2750 Nam
728 2683 910 2746 Scaevolae
927 2683 1060 2746 dicendi
1083 2682 1149 2745 ele·

233 2785 385 2869 gantiam
411 2787 493 2848 satis
517 2808 558 2849 ex
584 2788 625 2850 iis
651 2789 869 2867 orationibus,
895 2809 978 2870 quas
1004 2788 1149 2869 reliquit,

234 2893 395 2957 habemus
417 2894 598 2978 cognitam.
644 2894 716 2957 164.
740 2895 787 2958 Et
808 2916 881 2980 ego,
902 2894 986 2958 Mihi
1009 2894 1149 2976 quidem

234 3020 255 3062 a
278 2998 417 3083 pueritia
432 3000 529 3081 quasi
552 3000 711 3085 magistra
729 3000 801 3079 fuit,
816 3001 966 3083 inquam,
980 2998 1037 3062 illa
1052 2998 1149 3086 inle-

232 3125 309 3189 gem
335 3104 514 3189 Caepionis
537 3106 652 3183 oratio,
668 3105 701 3168 in
718 3110 834 3187 quaet
854 3089 1035 3168 auotoritas
1051 3124 1150 3166 orna·

264 3287 277 3311 ⁴*
293 3289 399 3337 Emend.
418 3288 447 3337 of
460 3289 613 3353 Heusinger:
633 3289 698 3351 Erit,
716 3290 791 3354 inquit
811 3289 907 3350 Brutus,
925 3306 957 3338 aa
972 3290 1028 3354 jam
1046 3296 1079 3337 est
1098 3289 1150 3349 iste,

231 3385 296 3432 quem
312 3374 448 3433 exspectas?
480 3370 568 3434 Meyer
583 3373 633 3421 and
650 3372 745 3421 others:
762 3370 825 3431 Erit,
837 3371 852 3419 i.
866 3370 907 3429 B.,
923 3378 965 3420 aut
978 3371 1033 3435 jam
1049 3378 1082 3418 est
1098 3369 1149 3431 1010,

232 3466 297 3515 quem
307 3455 443 3515 exspectas?

264 3528 291 3553 ”⁴⁶
309 3530 393 3594 Orelli,
404 3533 451 3582 Ed
462 3532 552 3593 Ptine,
564 3533 614 3582 and
624 3533 721 3583 others:
734 3531 860 3598 periodum.
