2542 4117
222 308 287 376 122
512 328 648 374 saurus.
693 329 763 373 car.
785 329 852 374 xer.

225 505 331 549 assem
347 483 518 547 biennium
530 489 678 548 versatus
689 483 723 546 in
736 483 856 561 causis,
867 489 900 546 et
907 482 1004 567 jam*
1017 484 1050 546 in
1061 481 1139 547 foro

225 589 427 653 celebratum
450 609 564 652 meum
581 609 701 652 nomen
719 593 815 666 esset,
831 587 942 652 Roma
964 610 1038 651 sum
1061 610 1140 672 pro·

224 692 340 758 fectus.
377 692 450 760 315.
476 692 563 758 Cum
577 693 741 756 venissem
759 693 917 771 Athenas,
929 714 985 755 sex
1002 714 1139 756 menses

226 820 305 866 oum
330 800 495 864 Antiocho
511 799 626 862 veteris
652 797 857 862 Academiae
873 798 1082 861 nobilissimo
1104 803 1141 861 et

225 903 482 990 prudentissimo
509 902 705 987 philosopho
735 902 793 982 fui,
819 902 1033 984 studiumque
1065 903 1140 987 phi·

226 1007 396 1092 losophiae
409 1029 581 1090 nunquam
596 1008 820 1074 intermissum
833 1029 854 1070 a
868 1009 1040 1092 primaque
1057 1008 1141 1072 ado·

227 1113 386 1178 lescentia
407 1113 535 1178 cultum
561 1118 594 1177 et
620 1134 749 1197 semper
774 1119 912 1176 auctum
938 1113 1001 1176 hoc
1021 1135 1140 1180 rursus

227 1240 360 1283 summo
393 1224 526 1281 auctore
557 1224 591 1281 et
621 1216 754 1280 doctore
785 1218 948 1281 renovavi.
1003 1217 1141 1283 Eodem

225 1329 339 1389 tamen
355 1329 504 1407 tempore
524 1322 665 1386 Athenis
681 1321 771 1406 apud
787 1321 992 1388 Demetrium
1012 1322 1141 1408 Syrum

226 1434 371 1492 veterem
402 1433 436 1491 et
465 1449 532 1491 non
563 1427 743 1512 ignobilem
775 1427 907 1491 dicendi
936 1430 1141 1513 magistrum

227 1532 375 1598 studiose
395 1532 536 1597 exerceri
556 1533 713 1597 solebam.
759 1534 840 1597 Post
855 1555 876 1596 a
893 1555 946 1600 me
965 1534 1050 1598 Asia
1065 1541 1141 1600 tota

227 1645 401 1725 peragrata
427 1645 478 1702 est
507 1660 584 1702 cum
609 1639 749 1702 summis
775 1639 911 1722 quidem
941 1641 1143 1720 oratoribus,

227 1745 427 1828 quibuscum
458 1746 627 1808 exercebar
654 1744 734 1828 ipsis
763 1743 962 1824 lubentibus,
992 1766 1141 1826 quorum

228 1856 297 1913 arat
312 1849 462 1934 princeps
480 1848 659 1934 Menippus
678 1847 933 1914 Stratonicensis
954 1870 1029 1912 meo
1049 1849 1141 1934 judi*

227 1956 280 2018 cio
303 1961 375 2018 tota
401 1954 483 2018 Asia
508 1954 572 2018 illis
594 1954 798 2038 temporibus
821 1953 1076 2018 disertissimus:
1106 1959 1142 2020 et

227 2061 257 2124 si
273 2060 353 2123 nihil
370 2060 487 2123 habere
504 2059 729 2122 molestiarum
749 2080 809 2121 nec
831 2059 1031 2143 ineptiarum
1051 2060 1141 2123 Atti·

227 2185 342 2228 corum
365 2169 424 2242 cst,
440 2163 493 2227 hic
515 2170 622 2227 orator
643 2164 678 2227 in
701 2163 765 2228 illis
788 2165 955 2228 numerari
977 2170 1065 2229 recte
1081 2186 1142 2249 po·

226 2274 301 2333 test
346 2268 419 2331 316.
445 2267 683 2333 Assiduissime
699 2276 811 2331 autern
828 2290 961 2336 mecum
977 2268 1041 2332 fuit
1057 2269 1142 2333 Dio·

227 2372 343 2457 nysius
368 2372 529 2457 Magnes:
559 2378 628 2437 erat
655 2374 756 2436 etiam
784 2374 967 2458 Aeschylus
995 2374 1141 2440 Cnidius

230 2476 492 2563 Adramyttenus
509 2477 682 2542 Xenocles.
731 2478 776 2542 Hi
791 2484 864 2541 turn
879 2480 914 2542 in
933 2479 1016 2543 Asia
1029 2480 1141 2544 rheto-

226 2604 300 2647 rum
324 2584 485 2668 principes
507 2586 776 2647 numerabantur.
824 2583 956 2662 Quibus
977 2606 1044 2648 non
1061 2606 1140 2648 cou-

226 2696 340 2756 tentus
366 2691 522 2755 Rhodum
542 2692 626 2770 veni,
645 2712 763 2774 meque
788 2690 1010 2771 adeundam,
1034 2713 1139 2773 quern

230 2794 359 2861 Romae
373 2796 574 2874 audiveram,
588 2795 757 2860 Molonem
775 2795 939 2881 applicavi
954 2817 1031 2859 cum
1047 2802 1140 2860 acto·

229 2923 299 2967 rem
326 2902 361 2965 in
392 2902 475 2964 veris
500 2900 610 2964 causis
634 2902 890 2986 scriptoremque
912 2907 1140 2985 praestantem

227 3012 301 3071 tum
318 3007 352 3070 in
369 3006 524 3069 notandis
547 3006 913 3089 animadvertendisque
936 3006 1024 3068 vitiis
1040 3012 1075 3069 et
1090 3007 1140 3070 iu·

229 3111 397 3175 stituendo
413 3110 627 3193 docendoque
644 3109 947 3195 prudentissimum.
993 3111 1026 3173 ls
1044 3110 1141 3174 dedit

228 3237 364 3300 operam
392 3216 433 3301 (si
459 3216 559 3279 modo
582 3215 617 3279 id
642 3216 799 3298 consequi
821 3216 955 3300 potuit),
976 3221 1014 3279 ut
1036 3216 1140 3280 nimis

228 3319 450 3384 redundantes
465 3342 526 3384 nos
538 3320 824 3406 etlsuperlluentes
835 3321 973 3405 juvenili
988 3320 1139 3403 quadam

547 3555 561 3581 ⁹
576 3558 623 3609 Ed.
635 3558 732 3607 Prisc:
748 3558 824 3607 atram
