2542 4117
451 346 588 389 annuus.
633 347 703 389 cna.
726 344 793 389 xm.
1034 321 1078 392 53

159 503 240 562 anie
264 499 335 564 dixi
357 500 583 564 consultorum
599 500 740 564 alterum
756 500 1010 564 disertissimum
1028 500 1077 565 di·

159 611 323 669 seriorum
341 605 483 669 alterum
495 605 780 670 consultissimum
797 604 908 686 fuisse,
920 607 967 669 sic
980 606 1015 669 in
1030 625 1078 669 re·

158 708 262 792 liquis
287 713 385 774 rebus
410 712 460 774 ita
485 711 665 774 dissimiles
688 717 783 774 erant
805 712 890 774 inter
912 732 994 791 sese,
1009 718 1077 774 sta·

157 820 252 878 tuere
268 822 308 878 ui
322 822 438 879 tamen
457 836 524 879 non
545 836 669 900 posses,
684 817 790 879 utrius
807 821 839 879 ie
855 816 971 879 malles
987 817 1077 879 simi·

158 918 287 982 liorem.
347 921 486 984 Crassus
521 927 591 984 arat
623 920 829 1006 elegantium
864 921 1077 1005 parcissimus

160 1023 326 1087 Scaevola
351 1045 524 1109 parcorum
550 1025 829 1109 elegantissimus.
878 1026 1019 1088 Crassus
1040 1025 1074 1088 in

157 1150 297 1192 summa
319 1131 476 1193 comitate
499 1130 646 1193 habebat
661 1131 763 1194 eiiam
780 1131 964 1193 severitatis
984 1131 1076 1209 satis,

160 1233 345 1297 Scaevolae
368 1235 473 1298 multa
487 1235 522 1297 in
539 1235 713 1298 severitate
734 1256 801 1299 non
824 1235 937 1298 deerat
958 1242 1074 1298 tamen

156 1340 311 1402 comitas.
357 1338 429 1403 149.
454 1339 553 1403 Licet
576 1340 691 1404 omnia
712 1339 775 1403 hoe
797 1340 917 1403 modo:
940 1340 998 1403 sed
1021 1360 1074 1402 ve·

153 1465 238 1523 reor,
254 1466 296 1508 ua
318 1442 400 1529 fingi
426 1445 603 1508 videantur
623 1446 715 1525 haee,
740 1451 779 1509 ui
801 1444 953 1509 dieantur
974 1467 995 1509 a
1017 1466 1073 1508 me

155 1549 306 1631 quodam
334 1550 455 1631 modo;
475 1571 527 1613 res
550 1572 587 1613 se
612 1551 798 1614 tamensis
827 1552 936 1614 habes
984 1551 1073 1614 Cum

156 1655 269 1718 omnis
284 1656 385 1718 virius
402 1656 453 1734 sit,
465 1661 504 1718 ui
518 1661 638 1734 vestra,
651 1655 762 1733 Brute,
774 1661 870 1718 vetus
888 1655 1074 1719 Academia

155 1758 251 1839 dixit,
269 1760 489 1838 mediocritas,
504 1766 642 1843 uterque
666 1759 783 1823 horum
807 1760 956 1822 medium
979 1760 1074 1843 quid·

155 1863 238 1927 dam
264 1864 397 1927 volebat
418 1865 531 1947 sequi:
554 1865 612 1928 sed
633 1865 683 1927 ita
703 1864 853 1942 cadebat,
870 1870 909 1927 ui
930 1864 1011 1926 alter
1032 1884 1073 1926 ex

155 1969 292 2033 alterius
307 1969 406 2032 laude
423 1976 559 2055 partem,
570 1976 708 2052 uterque
720 1975 834 2032 autem
851 1990 947 2033 suam
964 1974 1072 2032 totam

155 2076 300 2139 haberer
346 2076 418 2140 150.
453 2076 543 2139 Tum
571 2076 704 2154 Brutus,
734 2075 823 2138 Cum
850 2082 976 2138 extus
1004 2096 1073 2137 ora·

153 2182 249 2244 tione
265 2182 347 2244 mihi
373 2181 493 2260 videor,
508 2182 626 2264 inquii,
641 2183 727 2243 bene
746 2181 904 2243 Crassum
921 2186 955 2243 et
972 2181 1072 2244 Scae·

153 2286 268 2349 volam
291 2287 497 2371 cognovisse,
512 2292 586 2349 tum
608 2286 651 2348 de
673 2292 707 2348 te
722 2291 757 2349 el
771 2285 812 2348 de
831 2285 898 2349 Ser.
920 2285 1071 2370 Sulpicio

153 2392 308 2475 cogitans
331 2413 403 2454 esse
425 2390 597 2474 quandam
612 2392 707 2453 vobis
730 2411 808 2455 cum
831 2390 895 2454 illis
918 2391 1071 2455 similitu·

153 2496 270 2559 dinem
289 2496 413 2581 judico.
462 2496 634 2573 Quonam,
660 2496 811 2578 inquam,
834 2498 922 2560 istuc
945 2495 1070 2560 modo?

157 2600 253 2679 Quia
283 2602 365 2664 mihi
394 2607 429 2664 ei
457 2607 496 2664 tu
526 2600 654 2678 videris,
684 2601 801 2684 inquit,
827 2607 960 2664 tantum
987 2602 1070 2685 juris

153 2707 261 2770 civilis
277 2709 357 2770 scire
373 2707 526 2785 voluisse,
542 2712 708 2789 quantum
730 2707 810 2769 satis
827 2712 914 2769 esset
932 2708 1070 2786 oratori3

154 2818 190 2876 et
219 2813 352 2877 Servius
379 2814 588 2896 eloquentiae
615 2818 748 2876 tantum
773 2813 1005 2897 assumpsisse,
1030 2821 1070 2875 ut

148 2919 207 3002 jus
223 2919 317 2981 civile
332 2918 429 2981 facile
446 2918 573 3003 possit*
594 2918 697 2980 tueri:
720 2903 915 2999 aetatesque
941 2924 1069 2979 vestrae
1133 2915 1137 2920 ’

151 3029 193 3086 ui
220 3023 350 3086 illorum
374 3023 454 3086 nihil
477 3028 626 3086 autnon
649 3023 714 3085 fere
739 3021 883 3085 multum
905 3019 1068 3083 differunt.

153 3126 247 3192 XLI.
292 3127 365 3191 151.
389 3127 436 3191 Et
456 3148 528 3211 ego,
545 3127 595 3190 De
620 3148 685 3203 me,
700 3127 848 3207 inquam,
864 3125 970 3188 dicere
987 3124 1068 3188 nihil

150 3239 204 3295 esi
219 3254 371 3296 necesse:
388 3232 429 3295 de
447 3231 561 3296 Servio
578 3237 692 3294 autem
708 3236 742 3294 el
755 3237 794 3294 tu
810 3232 909 3315 probe
925 3230 1018 3308 dicis,
1033 3236 1068 3294 ei

150 3358 215 3422 ego
228 3336 349 3416 dicam,
360 3336 450 3420 quod
466 3336 583 3400 sentio.
619 3336 698 3399 Non
711 3337 801 3399 enim
817 3334 913 3399 facile
929 3335 1067 3418 quemi⁴¹

161 3527 166 3538 ·
182 3562 198 3587 ⁴
213 3563 318 3613 Ellendt
327 3565 378 3614 and
388 3564 488 3630 Meyer:
497 3573 580 3631 ponat.
675 3564 703 3590 ”¹
718 3565 848 3615 Lambin.:
864 3580 1006 3630 quamquam.
