2542 4117
405 338 542 384 ssurus.
584 341 656 385 cre.
679 341 824 385 cxxviii.
1016 321 1080 388 103

166 490 216 558 Μ.
250 491 427 557 Servilium
457 495 652 579 praeterisse
684 494 825 558 videare.
879 494 1080 560 LXXVIII.

163 597 242 661 270.
267 598 354 678 Non,
379 600 529 683 inquam,
552 621 616 686 ego
643 600 730 663 istuc
753 601 879 686 ignoro,
906 601 1081 686 Pomponi,

163 703 294 768 multos
314 705 427 783 fuisse,
442 706 501 789 qui
523 708 661 769 verbum
684 726 861 789 nunquam
888 706 921 769 in
947 707 1080 792 publico

163 806 333 888 fecissent,
357 831 435 874 curn
462 811 582 875 melius
609 811 782 894 aliquanto
811 818 948 896 possent
977 833 1078 896 quam

163 915 224 978 isti
251 921 404 995 oratores,
426 938 509 1000 quos
532 917 663 1002 colligo,
686 917 810 980 dicere:
834 917 893 981 sed
919 917 970 981 his
991 938 1080 981 com·

165 1021 394 1084 memorandis
418 1022 521 1085 etiam
540 1021 622 1086 illud
645 1044 812 1106 assequor,
827 1028 866 1087 ut
886 1022 1080 1107 intelligatis

165 1125 323 1211 primum,
338 1147 378 1189 ex
400 1127 494 1190 omni
516 1148 655 1191 numero
677 1139 780 1210 quam
796 1149 864 1191 non
884 1127 983 1191 multi
1005 1128 1080 1191 ausi

166 1231 236 1294 sint
251 1230 367 1310 dicere,
383 1232 502 1295 deinde
518 1253 559 1295 ex
574 1233 615 1295 iis
630 1233 712 1317 ipsis
727 1253 829 1315 quarn
846 1233 945 1317 pauci
960 1230 1082 1296 luerint

164 1335 268 1401 laude
289 1336 390 1421 digni.
434 1337 507 1401 271.
532 1337 651 1421 Itaque
667 1358 709 1400 ne
725 1338 785 1402 hos
801 1337 936 1420 quidem
952 1338 1080 1421 equites

168 1440 354 1520 Romanos,
366 1443 494 1506 amicos
511 1450 650 1522 nostros,
661 1443 720 1526 qui
735 1464 840 1527 nuper
855 1442 977 1506 mortui
992 1449 1081 1521 sunt,

168 1545 206 1610 P.
226 1546 421 1610 Cominium
447 1546 669 1632 Spoletinum,
684 1569 753 1631 quo
776 1533 955 1612 accusante
971 1546 1082 1612 delen·

167 1652 205 1716 di
231 1652 269 1716 C.
295 1652 496 1733 Cornelium,
511 1654 544 1717 in
561 1675 630 1736 quo
647 1660 681 1717 et
702 1655 929 1738 compositum
951 1654 1084 1718 dicendi

166 1779 276 1843 genus
291 1766 325 1823 et
339 1780 413 1823 acre
428 1765 463 1823 et
478 1759 671 1844 expeditum
693 1760 776 1823 suits
801 1759 840 1822 Τ.
861 1761 1002 1824 Accium
1028 1760 1081 1823 Pi·

167 1884 371 1942 centensem,
402 1865 498 1948 cujus
527 1864 733 1927 accusationi
763 1864 918 1949 respondi
949 1885 1007 1948 pro
1040 1864 1081 1927 A.

172 1968 339 2047 Cluentio,
355 1969 414 2052 qui
435 1975 469 2032 et
484 1974 636 2033 accurate
655 1968 788 2032 dicebat
802 1975 837 2032 et
851 1970 933 2032 satis
947 1969 1081 2053 copiose

167 2079 304 2156 eratque
324 2079 493 2158 praeterea
508 2073 627 2137 doctus
646 2073 870 2160 Hermagorae
887 2073 1081 2159 praeceptis,

166 2179 291 2261 quibus
313 2179 376 2242 etsi
399 2184 595 2242 ornamenta
615 2200 683 2242 non
706 2180 788 2242 satis
811 2179 926 2264 opima
948 2178 1080 2242 dicendi

166 2289 285 2349 tamen
314 2290 354 2347 ut
382 2284 497 2347 hastae
527 2283 681 2347 velitibus
708 2290 900 2347 amentatae
926 2284 974 2347 sic
1000 2289 1081 2368 apta

167 2388 337 2473 quaedam
353 2395 387 2452 et
401 2397 520 2473 parata
542 2388 683 2473 singulis
706 2409 883 2453 causarum
906 2389 1082 2474 generibus

167 2500 368 2579 argumenta
392 2493 574 2558 traduntur.
627 2493 702 2557 272.
731 2493 852 2558 Studio
883 2499 996 2558 autem
1027 2515 1082 2557 ne·

168 2600 297 2665 minem
313 2621 375 2663 nec
389 2599 550 2663 industria
566 2600 690 2683 majore
709 2599 860 2682 cognovi,
875 2619 1080 2681 quamquam

168 2725 212 2770 ne
239 2705 377 2790 ingenio
400 2704 536 2787 quidem
558 2705 615 2787 qui
640 2703 849 2788 praestiterit,
875 2700 970 2766 facile
992 2703 1082 2766 dixe·

167 2811 241 2889 rim,
260 2809 297 2873 Ο.
314 2809 437 2888 Pisoni,
452 2830 573 2895 genero
595 2829 681 2872 meo.
727 2807 866 2872 Nullum
882 2814 1016 2893 tempus
1035 2807 1081 2871 illi

167 2935 321 2998 unquam
333 2916 476 2978 vacabat
491 2921 551 2977 aut
562 2936 583 2977 a
594 2912 715 2978 lorensi
726 2914 871 2977 dictione
883 2920 943 2977 aut
958 2936 978 2977 a
994 2934 1083 2976 com·

168 3020 377 3085 mentatione
407 3019 591 3083 domestica
621 3024 681 3081 aut
712 3040 733 3081 a
765 3017 936 3081 scribendo
967 3024 1028 3080 aut
1060 3038 1081 3081 a

169 3125 359 3210 cogitando.
406 3124 522 3208 Itaque
538 3130 651 3187 tantos
667 3143 838 3207 processus
855 3120 1028 3198 efficiebat,
1043 3128 1083 3186 ut

168 3230 302 3293 evolare
325 3251 393 3293 non
416 3250 581 3293 excurrere
605 3228 786 3291 videretur:
813 3233 948 3309 eratque
970 3229 1081 3290 verbo·

168 3355 244 3399 rum
261 3341 296 3398 et
310 3335 457 3398 delectus
473 3335 608 3419 elegans
623 3340 659 3397 et
674 3341 754 3418 apta
771 3340 805 3397 et
819 3334 916 3416 quasi
937 3333 1080 3398 rotunda

168 3440 393 3504 constructio:
416 3460 558 3521 cumque
585 3439 1083 3524 argumenta.excogitabantur

169 3547 213 3611 ab
229 3565 270 3609 eo
286 3544 394 3610 multa
409 3550 444 3609 et
460 3542 557 3608 firma
572 3544 615 3608 ad
631 3542 838 3629 probandum
854 3550 927 3607 tum
950 3545 1083 3608 concin-
