2542 4117
429 331 565 374 ancras.
611 331 683 375 cnr.
706 332 774 375 xrv.
1016 311 1058 376 17

141 505 250 568 usqne
281 482 325 547 ad
354 484 418 547 hoc
443 490 577 568 tempus
608 483 723 548 audivi
752 483 855 548 luisse
878 486 1058 549 neminem.

145 588 341 653 Menelaum
371 589 493 673 ipsum,
520 588 651 652 dulcem
675 589 770 652 illurn
791 589 927 672 quidem
957 590 1059 654 tradit

144 694 313 778 Homerus
337 694 396 757 sed
421 715 529 778 pauca
552 694 728 758 dicentem.
766 694 917 757 Brevitas
941 702 1082 759 autem.

142 781 218 864 laus
244 805 295 862 est
323 789 489 862 interdum
519 800 554 862 in
585 798 698 882 aliqua
728 805 821 884 parte
851 798 992 879 dicendi,
1022 800 1057 863 in

142 905 300 968 universa
323 904 513 986 eloquentia
533 902 670 966 laudem
690 904 889 967 nonhabet.
935 903 987 966 51.
1012 904 1059 967 At
1087 899 1096 996 '¹

142 1031 221 1072 vero
242 1016 335 1074 extra
357 1010 532 1074 Graeciam
556 1029 681 1093 magna
702 1007 833 1072 dicendi
856 1007 969 1072 studia
989 1008 1060 1071 fue·
1111 1001 1114 1026 ¹
1217 1001 1221 1010 *

142 1122 233 1194 runt,
260 1116 465 1197 maximique
496 1114 573 1178 huic
602 1114 694 1177 laudi
724 1114 829 1177 habiti
855 1115 995 1177 honores
1024 1112 1060 1175 il·

142 1216 245 1282 lustre
261 1225 428 1283 oratorum
445 1240 568 1283 nomen
584 1218 805 1281 reddiderunt.
851 1218 941 1282 Nam
957 1223 996 1281 ut
1011 1238 1060 1280 se·

143 1325 213 1388 mel
235 1346 254 1387 e
279 1325 415 1389 Piraeeo
436 1324 626 1408 eloquentia
645 1331 760 1388 evecta
776 1331 834 1404 est,
851 1346 968 1389 omnes
991 1347 1060 1410 per·

144 1429 277 1514 agravit
298 1429 435 1508 insulas,
451 1436 552 1513 atque
574 1430 622 1493 ita
645 1430 852 1515 peregrinata
876 1436 949 1493 tota
977 1430 1061 1494 Asia

144 1540 206 1612 est,
221 1540 260 1597 ut
282 1555 317 1596 se
336 1535 478 1597 externis
501 1534 660 1597 oblineret
681 1535 838 1614 moribus,
855 1555 1060 1617 omnemque

143 1638 239 1701 illam
261 1637 491 1702 salubritatem
509 1640 642 1703 Atticae
659 1638 815 1703 dictionis
838 1646 872 1703 et
895 1640 992 1723 quasi
1010 1662 1061 1703 sa·

143 1744 287 1807 nitatem
302 1744 459 1827 perderet,
472 1765 510 1807 ac
521 1744 614 1826 loqui
627 1764 732 1828 paene
745 1744 935 1808 dedisceret.
969 1744 1060 1808 Hinc

147 1848 290 1911 Asiatici
313 1854 457 1911 oratores
481 1870 548 1912 non
576 1831 812 1911 contemnendi
838 1848 974 1931 quidem
999 1870 1061 1912 nec

144 1953 313 2016 celeritate
338 1974 400 2016 nec
425 1954 523 2037 copia
547 1953 606 2015 sed
631 1973 750 2037 parum
774 1954 878 2039 pressi
903 1958 937 2016 et
961 1953 1061 2016 nimis

18 2059 22 2080 '
143 2057 377 2121 redundantes.
421 2057 472 2121 52.
498 2057 619 2122 Rhodii
644 2057 790 2121 saniores
815 2062 849 2120 et
874 2057 1061 2121 Atticorum

145 2162 329 2226 similiores.
384 2162 453 2226 Sed
483 2163 524 2226 de
557 2163 693 2226 Graecis
724 2165 904 2227 hactenus:
936 2165 1061 2227 etenim

144 2267 231 2331 haec
245 2268 319 2351 ipsa
341 2266 478 2348 forsitan
494 2267 629 2330 fuerunt
644 2288 711 2330 non
728 2268 922 2331 necessaria.
969 2268 1060 2332 Tum

145 2371 281 2452 Brutus,
295 2372 364 2435 Ista
378 2393 464 2451 vero,
475 2372 593 2454 inquit,
607 2393 709 2454 quam
727 2372 912 2436 necessaria
927 2372 1060 2450 fuerint,

145 2498 216 2541 non
238 2476 333 2541 facile
356 2477 511 2540 dixerim:
530 2476 681 2561 jucunda
703 2483 789 2540 certe
819 2478 902 2540 milri
926 2476 1062 2541 luerunt

145 2603 256 2665 neque
272 2581 380 2646 solum
397 2603 464 2645 non
479 2581 582 2668 longa
597 2581 657 2645 sed
672 2582 775 2646 etiam
790 2582 946 2661 breviora,
958 2604 1061 2666 quam

145 2686 277 2750 vellem.
1090 2677 1099 2708 ³

196 2790 342 2876 Optime,
357 2790 515 2872 inquam:
538 2790 597 2854 sed
615 2790 790 2854 veniamus
807 2789 850 2853 ad
866 2796 1005 2870 nostros,
1021 2790 1062 2854 de

94 2917 102 2938 ⁰
146 2897 270 2979 quibus
297 2894 429 2959 difficile
452 2901 504 2959 est
527 2895 600 2980 plus
626 2896 818 2981 intelligere,
833 2917 936 2978 quam
956 2917 1062 2978 quan·

146 3008 223 3065 tum
245 3023 286 3063 ex
308 3001 536 3065 monumentis
559 3001 722 3085 suspicari
744 2999 829 3063 licet
875 2998 971 3064 XIV.
1009 2998 1061 3061 53.

149 3106 240 3183 Quis
277 3106 368 3169 enim
406 3112 501 3189 putet
534 3111 594 3168 aut
626 3104 830 3167 celeritatem
863 3103 989 3188 ingenii
1022 3102 1062 3166 L.

43 3248 48 3254 ·
148 3210 254 3275 Bruto
278 3210 335 3291 illi,
358 3210 541 3274 nobilitatis
571 3215 699 3272 vestrae
731 3208 879 3292 principi,
907 3206 1062 3286 defuisse,

146 3315 264 3399 quide
280 3322 385 3379 matre
401 3314 586 3379 suavianda
602 3335 642 3375 ex
658 3313 790 3377 oraculo
809 3312 973 3397 Apollinis
988 3319 1061 3376 tam

147 3426 246 3485 acute
274 3426 455 3505 arguteque
486 3419 670 3503 conjecerit,
700 3419 758 3500 qui
788 3438 957 3481 summam
988 3439 1063 3502 pru·

147 3527 299 3592 dentiam
320 3525 537 3590 simulatione
552 3523 717 3588 stultitiae
732 3523 859 3602 texerit,
874 3524 933 3607 qui
948 3529 1062 3608 poten·

500 3629 522 3693 2
