2542 4117
212 320 277 386 114
467 340 603 385 cuorus.
649 340 719 383 cae.
743 338 881 383 uxxxvr.

214 493 271 558 sed
298 493 484 558 oratorem?
506 493 564 558 sed
591 493 693 557 etiam
720 492 844 578 Lysiae
874 491 1026 572 similem,
1051 513 1124 576 quo

214 598 295 662 nihil
317 604 426 684 potest
447 619 518 661 esse
534 597 703 683 pictiust‘
739 596 833 660 Bella
853 597 967 675 ironia,
983 599 1010 660 si
1029 598 1126 681 joca·

214 724 339 767 remur:
366 704 417 766 sin
444 723 681 781 asseveramus,
706 701 790 781 vide,
817 722 859 765 ne
885 701 998 787 religio
1024 702 1124 766 nobis

213 813 284 872 tam
309 807 498 871 adhibenda
519 808 571 886 sit,
593 827 696 889 quam
724 807 752 869 si
775 807 1005 870 testimonium
1036 806 1125 870 dice·

213 912 363 976 remus'*
415 912 489 975 294.
521 912 596 997 Ego
630 912 720 974 enim
757 911 922 975 Catonem
954 918 1053 974 tuum
1085 916 1126 975 ut

214 1020 320 1082 civem
345 1024 384 1081 ut
409 1023 594 1081 senatorem
620 1022 660 1080 ut
684 1016 918 1101 imperatorem
947 1022 986 1079 ut
1014 1017 1125 1079 virum

160 1112 161 1115 ¹
215 1124 358 1206 denique
385 1144 462 1186 eum
489 1121 663 1206 prudentia
683 1127 717 1184 et
739 1121 912 1205 diligentia
932 1126 1007 1183 tum
1031 1122 1126 1184 omni

216 1230 335 1291 virtute
356 1227 570 1291 excellentem
593 1229 712 1311 probo:
735 1227 900 1289 orationes
916 1232 1031 1289 autem
1052 1226 1125 1309 ejus

216 1339 255 1397 ut
269 1333 333 1397 illis
348 1332 554 1416 temporibus
569 1331 665 1395 valde
681 1331 800 1394 laudo:
823 1330 1013 1416 significant
1035 1331 1127 1395 enim

214 1437 384 1521 quandam
400 1435 584 1500 sormam***
598 1437 724 1522 ingenii
740 1436 798 1500 sed
820 1436 1003 1499 admodum
1019 1437 1127 1520 impo-

215 1542 310 1606 litam
327 1548 360 1605 et
375 1541 472 1626 plane
487 1542 613 1605 rudem.
659 1541 812 1626 Origines
833 1562 909 1604 vero
924 1562 1002 1604 cum
1020 1541 1128 1604 omni·

215 1649 279 1711 bus
295 1648 432 1710 oratoris
447 1646 603 1710 laudibus
617 1647 752 1709 refertas
767 1646 900 1725 diceres,
912 1650 946 1709 et
960 1646 1127 1709 Catonem

216 1772 294 1816 eum
319 1751 457 1815 Philisto
473 1757 507 1815 et
527 1751 722 1837 Thucydide
743 1772 961 1836 comparares,
977 1751 1128 1815 Brutone

217 1863 250 1922 te
265 1856 301 1921 id
316 1858 473 1920 censebas
489 1877 532 1919 arr
548 1857 629 1919 mihi
646 1855 884 1941 probaturum?
924 1856 1020 1933 Quos
1035 1857 1128 1919 enim

218 1983 260 2026 ne
286 1982 305 2024 e
334 1960 471 2025 Graecis
498 1960 631 2043 quidem
659 1962 839 2043 quisquam
862 1960 984 2024 imitari
1008 1968 1129 2045 potest,

218 2068 260 2130 iis
282 2072 321 2129 tu
343 2086 516 2149 comparas
540 2065 710 2128 hominem
728 2065 957 2129 Tusculanum
975 2066 1128 2129 nondum

219 2170 455 2255 suspicantem,
481 2168 579 2250 quale
603 2174 691 2233 esset
720 2171 852 2254 copiose
882 2174 916 2233 et
940 2176 1055 2234 ornate
1080 2170 1130 2233 di·

220 2295 299 2339 cere.
346 2272 542 2337 LXXXVI.
587 2272 661 2337 295.
694 2273 840 2338 Galbam
866 2274 1000 2354 laudas,
1031 2275 1060 2338 si
1089 2281 1131 2339 ut

150 2393 154 2404 “
219 2379 306 2443 illius
329 2379 449 2442 aetatis
473 2378 663 2463 principem,
687 2380 866 2460 assenti0r;
889 2381 937 2443 sic
962 2380 1053 2442 enim
1076 2401 1130 2443 ae·

220 2484 387 2568 cepimus:
403 2484 454 2547 sin
469 2488 508 2547 ut
523 2490 695 2564 oratorem,
706 2484 797 2564 cedo,
812 2506 947 2567 quaeso,
962 2485 1130 2549 orationes

224 2588 317 2674 (sunt
339 2589 454 2675 enim),
470 2593 503 2652 et
524 2588 578 2651 dio
599 2589 696 2668 hunc,
712 2610 812 2672 quem
829 2596 868 2654 tu
888 2590 962 2675 plus
977 2611 1080 2673 quam
1095 2596 1130 2654 te

222 2714 326 2773 amas,
341 2694 483 2758 Brutum
498 2693 629 2757 vellete
644 2693 700 2757 illo
720 2694 822 2757 modo
841 2694 958 2758 dicere.
1004 2695 1130 2759 Probas

223 2798 343 2882 Lepidi
375 2799 557 2861 orationes:
590 2797 741 2882 paullum
776 2799 829 2862 hic
861 2800 922 2863 tibi
958 2800 1131 2879 assentior,

222 2902 323 2967 modo
338 2902 385 2964 ita
400 2901 515 2964 laudes
531 2906 570 2965 ut
585 2902 759 2984 antiquas:
781 2903 871 2986 quod
890 2904 971 2967 item
987 2903 1029 2966 de
1047 2902 1133 2967 Afri·

224 3028 307 3072 cano
336 3006 378 3069 de
406 3006 532 3085 Laelio,
555 3006 651 3090 cujus
681 3012 719 3070 tu
749 3009 897 3071 oratione
926 3029 1031 3093 negas
1061 3006 1134 3073 fieri

222 3112 405 3195 quidquam
426 3132 522 3197 posse
539 3111 677 3191 dulcius,
694 3111 788 3176 addis
804 3113 906 3176 etiam
922 3113 1034 3177 neseio
1050 3112 1134 3195 quid

252 3311 265 3336 ⁴*
284 3311 361 3376 Serpa
387 3325 505 3375 proposes
528 3310 663 3376 perfectius,
684 3312 765 3363 which
788 3315 948 3365 emendation
973 3314 1063 3380 Meyer
1089 3329 1135 3381 ap·
1157 3327 1160 3336 ¹

222 3409 394 3523 prllellrnesti
405 3474 467 3538 conj.
478 3473 591 3524 dicamus

250 3552 291 3578 Μ
307 3555 354 3605 Ed.
364 3555 446 3605 Princ.
455 3572 461 3603 :
470 3556 576 3621 firmam
594 3556 717 3621 quandam.
