2542 4117
435 327 570 371 neurus.
615 328 684 371 cnr.
710 327 776 371 xci.
992 305 1055 372 121

146 502 234 547 mus.
291 482 365 546 312.
399 480 528 545 Eodem
560 488 709 566 tempore
742 480 869 546 Moloni
901 481 1056 547 dedimus

146 608 303 671 operam:
326 587 484 651 dictatore
509 588 597 650 enim
624 586 718 651 Sulla
741 587 871 672 legatus
896 588 938 651 ad
963 609 1057 652 sena·

144 697 221 756 tum
249 692 292 755 de
321 692 525 756 Rhodiorum
555 693 710 776 praemiis
738 699 881 756 venerat.
939 694 1056 776 ltaque

146 798 257 881 prima
280 818 383 861 causa
407 798 538 881 publiea
560 819 618 882 pro
646 796 720 860 Sex.
737 796 858 861 Roscio
875 797 964 861 dieta
984 804 1056 861 tan·

144 907 222 965 tum
249 901 549 965 commendationis
571 903 695 980 habuit,
715 908 754 966 ut
777 923 844 966 non
871 902 938 965 ulla
960 907 1056 982 esset,

146 1028 234 1089 quae
250 1029 319 1071 non
334 1007 436 1092 digna
452 1013 562 1070 nostro
578 1007 759 1092 patrocinio
775 1007 945 1070 videretur.
992 1006 1056 1070 De·
1113 1007 1117 1029 ¹

144 1111 262 1196 inceps
283 1111 359 1175 inde
384 1112 518 1191 multae,
534 1133 618 1194 quas
636 1133 703 1175 non
727 1112 861 1175 minus*
882 1111 1056 1197 diligenter

145 1213 333 1278 elaboratas
349 1221 383 1277 et
397 1221 572 1297 tamquam
587 1214 795 1277 elucubratas
811 1212 1037 1278 afferebamus

191 1318 284 1382 XCI.
339 1318 412 1383 313.
441 1320 549 1398 Nunc,
574 1313 734 1401 quoniam
763 1325 873 1384 totum
903 1341 957 1383 me
988 1341 1056 1383 non

145 1443 253 1488 naevo
281 1423 393 1506 aliquo
420 1430 480 1487 aut
505 1424 692 1508 crepundiis
718 1424 776 1487 sed
806 1446 938 1509 corpore
962 1426 1056 1490 omni

143 1530 266 1594 videris
302 1531 385 1594 velle
422 1552 627 1615 cognoscere,
664 1529 863 1614 complectar
896 1531 1056 1596 nonnulla

145 1637 258 1715 etiam,
273 1658 360 1719 quae
381 1635 521 1700 fortasse
537 1635 709 1698 videantur
729 1635 841 1698 minus
863 1637 1055 1699 necessaria.

144 1739 228 1805 Erat
244 1762 284 1803 eo
301 1748 448 1825 tempore
464 1742 498 1803 in
515 1741 610 1804 nobis
626 1760 761 1803 summa
778 1740 942 1824 gracilitas
958 1747 991 1803 et
1006 1742 1055 1804 in·

143 1844 284 1911 firmitas
307 1847 467 1931 corporis3
490 1866 660 1931 procerum
680 1851 714 1907 et
734 1849 835 1907 tenue
850 1843 981 1921 collum,
996 1844 1054 1926 qui

143 1952 279 2015 habitus
298 1958 332 2015 et
357 1972 443 2033 quae
466 1949 573 2036 figura
596 1970 662 2012 non
688 1949 799 2033 procui
821 1950 936 2011 abesse
960 1954 1054 2032 puta·

141 2062 195 2121 tur
214 2078 235 2120 a
259 2059 349 2120 vitae
373 2055 528 2142 periculo,
548 2056 575 2118 si
597 2055 726 2118 aceedit
747 2054 838 2118 labor
858 2059 892 2116 et
913 2053 1053 2117 laterum

141 2182 269 2246 magna
289 2163 468 2225 contentio.
515 2161 633 2244 quue
649 2161 757 2245 magis
773 2161 836 2224 hoe
850 2181 916 2239 eos,
933 2162 1053 2242 quibus

142 2287 234 2330 eram
261 2288 365 2345 carus,
388 2268 631 2344 commovebat,
659 2264 748 2348 quod
772 2265 886 2328 omnia
909 2265 980 2327 siue
1005 2285 1054 2327 re·

141 2372 302 2434 missione
322 2372 392 2434 sine
408 2372 566 2434 varietate
581 2372 615 2433 vi
630 2391 764 2434 summa
778 2371 869 2434 vocis
893 2377 927 2434 et
947 2372 1053 2435 totius

140 2477 286 2560 corporis
302 2477 514 2539 contentione
537 2476 698 2538 dicebam.
742 2475 815 2538 314.
841 2476 958 2558 Itaque
974 2498 1052 2539 cum

140 2601 196 2643 me
223 2586 258 2642 et
284 2581 384 2643 amici
414 2586 448 2643 et
478 2579 599 2643 medici
630 2581 843 2658 hortarentur,
870 2586 909 2642 ut
934 2601 1053 2644 causas

141 2705 240 2769 agere
265 2684 464 2765 desisterem,
480 2684 621 2767 quodvis
641 2685 751 2769 potius
767 2684 947 2768 periculum
969 2685 1053 2749 mihi

140 2788 334 2852 adeundum
345 2811 446 2872 quam
458 2812 477 2853 a
488 2797 617 2874 sperata
627 2788 759 2853 dicendi
770 2789 872 2874 gloria
883 2789 1052 2853 disceden·
1065 2787 1069 2794 ’

140 2893 222 2957 dum
246 2896 370 2978 putavi.
418 2893 485 2958 Sed
513 2916 589 2958 cum
613 2916 780 2958 censerem
801 2895 994 2957 remissione
1017 2900 1052 2957 et

138 2997 367 3061 moderatione
389 3000 480 3062 vocis
505 3005 539 3062 et
561 3005 768 3062 commutato
784 3020 900 3083 genere
919 2998 1051 3061 dicendi

138 3124 195 3166 me
211 3109 245 3166 et
260 3103 443 3187 periculum
464 3104 566 3166 vitare
590 3124 687 3188 posse
710 3109 744 3166 et
765 3103 980 3187 temperatius
1003 3102 1051 3165 di·

138 3228 222 3286 cere,
232 3215 271 3271 ut
282 3208 559 3272 consuetudinem
572 3208 702 3271 dicendi
715 3215 888 3285 mutarem,
898 3229 937 3270 ea
947 3229 1050 3272 causa

137 3313 223 3375 mihi
248 3313 283 3375 in
312 3312 429 3376 Asiam
452 3312 679 3397 proficiscendi
701 3312 772 3377 suit
827 3314 943 3396 Itaque
970 3333 1049 3378 cum

291 3533 304 3560 ”
320 3535 370 3586 Ed.
382 3534 466 3586 Prine.
477 3537 527 3586 aud
538 3536 639 3601 Meyer:
655 3552 713 3602 quos
723 3552 763 3586 nor
773 3535 900 3602 diliyenter.
