2542 4117
204 335 247 403 88
470 353 605 400 neurus
649 355 719 399 can.
743 351 846 399 nxvu.

205 510 305 595 hujus
331 510 480 593 aequalis
502 517 536 575 et
557 509 713 575 inimicus
738 510 776 573 C.
800 510 950 573 Fimbria
976 531 1046 574 non
1066 511 1118 575 ite
1208 533 1212 544 ·

205 616 264 681 diu
283 616 407 700 jactare
423 635 459 679 se
474 618 602 701 potuit3
624 616 682 699 qui
700 614 954 700 omniamagna
969 637 1052 679 voce
1067 617 1116 679 di·

204 741 283 785 cens
304 722 476 784 verborum
496 741 576 784 sane
591 722 753 783 bonorum
776 741 873 783 cursu
895 720 1044 803 quodam
1066 722 1117 783 in·

206 827 310 891 citato
331 827 380 888 ita
401 824 531 888 furebat
551 831 676 903 temen,
698 831 737 887 ut
759 826 910 887 mirarere
936 831 1007 887 tam
1032 824 1116 888 alias

203 951 255 995 res
277 951 374 1015 agere
397 930 567 1015 populum,
582 935 621 993 ut
636 936 722 992 esset
741 930 860 992 insano
875 930 960 992 inter
974 929 1116 993 disertos

204 1035 306 1099 locus.
343 1034 416 1098 234.
443 1035 502 1098 Cn.
519 1040 632 1097 autem
651 1033 814 1098 Lentulus
832 1034 937 1097 multo
952 1035 1116 1119 majorem

206 1140 397 1225 opinionem
412 1140 544 1203 dicendi
559 1141 690 1202 actione
705 1139 857 1217 faciebat,
868 1160 970 1221 quam
986 1146 1117 1223 quanta

205 1246 241 1309 in
256 1266 296 1307 eo
311 1243 452 1307 facultas
468 1251 554 1308 erat:
576 1246 634 1327 qui
657 1265 735 1307 cum
751 1250 838 1306 esset
853 1265 914 1307 nec
929 1251 1116 1328 peracutus,

205 1369 413 1432 quamquam
429 1354 463 1410 et
479 1369 518 1411 ex
534 1348 618 1411 secie
633 1355 668 1411 et
691 1369 731 1410 ex
747 1348 841 1411 vultu
855 1348 1039 1428 videbatur,
1056 1370 1118 1412 nec

206 1452 381 1517 abundans
411 1455 526 1532 verbis,
556 1454 619 1516 etsi
652 1453 786 1516 fallebat
818 1454 854 1516 in
882 1474 923 1515 eo
952 1454 1038 1537 ipso,
1070 1455 1118 1517 sie

205 1557 382 1621 intervallis
405 1558 701 1621 exclamationibus
717 1579 797 1620 voce
818 1558 914 1621 suavi
936 1565 970 1621 et
992 1579 1118 1621 canora

207 1661 427 1725 admirando*
448 1663 610 1741 irridebat,
632 1663 762 1726 calebat
784 1664 819 1726 in
843 1662 983 1747 agendo,
1006 1670 1046 1726 ut
1067 1684 1118 1742 ea,

206 1788 292 1850 quae
315 1767 458 1847 deerant,
475 1789 540 1831 non
557 1768 826 1831 desiderarentur.
873 1768 925 1831 lta
939 1774 1118 1850 tamquam

210 1872 310 1936 Curio
331 1872 428 1957 copia
449 1872 609 1936 nonnulla
629 1874 801 1936 verborum
825 1872 915 1935 nullo
938 1872 1004 1935 alio
1027 1874 1119 1936 bono

206 1978 316 2041 tenuit
342 1984 508 2040 oratorum
538 1977 660 2052 locum,
690 1977 763 2040 235.
787 1978 835 2040 sic
862 1977 923 2040 Cn.
951 1977 1119 2041 Lentulus

207 2087 389 2146 ceterarum
399 2083 559 2144 virtutum
570 2082 701 2145 dicendi
712 2082 973 2145 mediocritatem
984 2084 1119 2145 actione

207 2177 394 2263 occultavit,
415 2186 449 2248 in
471 2208 539 2268 qua
565 2186 726 2249 excellens
748 2185 820 2250 suit
867 2186 984 2269 Neque
1009 2188 1119 2251 multo

208 2311 302 2353 secus
332 2290 366 2353 Ρ.
395 2289 567 2368 Lentulus,
593 2292 690 2375 cujus
714 2297 748 2355 et
773 2291 984 2376 excogitandi
1008 2299 1043 2354 et
1072 2292 1119 2355 lo·

207 2394 332 2477 queudi
346 2394 535 2458 tarditatem
552 2398 687 2481 tegebat
701 2396 825 2460 formae
841 2396 987 2481 dignitas
1002 2418 1119 2481 corpo·

207 2500 252 2564 ris
274 2507 386 2564 motus
408 2501 525 2587 plenus
549 2508 583 2566 et
608 2504 687 2566 artis
709 2510 742 2566 et
763 2505 946 2567 venustatis
968 2506 1060 2567 vocis
1085 2510 1119 2568 et

209 2606 357 2670 suavitas
380 2613 413 2670 et
435 2608 642 2693 magnitudo.
671 2650 674 2657 ·
689 2607 745 2671 Sic
759 2608 795 2671 in
813 2610 873 2672 boc
888 2609 970 2671 nihil
990 2616 1120 2694 praeter

209 2712 374 2775 actionem
398 2713 470 2791 fuit,
493 2720 601 2776 cetera
616 2713 717 2776 etiam
737 2714 865 2776 minora
880 2735 982 2796 quam
1005 2716 1041 2777 in
1064 2737 1119 2778 su·

208 2816 343 2901 periore.
385 2816 530 2880 LXVII.
566 2817 640 2880 236.
657 2817 702 2880 M.
721 2817 796 2880 Piso
812 2819 973 2901 quidquid
990 2820 1119 2899 habuit,

210 2921 328 2984 habuit
342 2942 382 2984 ex
397 2921 581 3006 disciplina,
597 2923 807 3005 maximeque
822 2945 861 2985 ex
878 2925 1043 3002 omnibuS,
1059 2925 1120 3006 qui

239 3152 252 3179 ⁴*
270 3154 325 3205 The
336 3156 421 3205 textis
433 3163 545 3219 corrupt3
562 3155 639 3205 hence
650 3171 726 3220 many
737 3157 914 3216 emendations,
925 3156 954 3207 of
964 3157 1119 3207 Lambinus:

205 3234 344 3287 admirando
354 3236 469 3287 irridendo
479 3237 561 3286 luebat
571 3238 596 3286 r'n
604 3237 692 3301 offendo
698 3255 708 3296 ,·
725 3237 832 3288 Schera:
842 3238 984 3288 admirantes
994 3239 1119 3300 inetiebut,

205 3325 227 3367 et
242 3318 276 3367 sic
291 3318 377 3368 calebat
392 3318 417 3367 in
432 3318 535 3382 oqendo3
552 3320 667 3368 Ellendt:
686 3318 831 3381 admirando,
847 3320 964 3370 irridendo
979 3319 1074 3380 celeber,
1091 3321 1119 3369 in

206 3400 293 3464 oqendo
311 3410 350 3460 ut,·
372 3401 523 3450 Buttmann:
544 3400 682 3450 admirando
701 3402 817 3451 irridendo
835 3401 969 3467 splendebat,
988 3401 1075 3450 calebat
1091 3402 1119 3450 iu

206 3480 307 3544 oyendm
324 3481 523 3545 Waardenburg:
544 3481 684 3532 admiranter
702 3483 824 3546 irretiebat,
840 3482 943 3541 colebam
960 3483 1118 3533 Billerbeck:

205 3558 299 3611 allebat
314 3562 339 3612 in
350 3562 450 3628 accarim
466 3563 566 3627 Meyer:
581 3562 727 3627 mllsborqus.
