2542 4117
455 324 591 368 caurus.
632 324 704 367 cnr.
727 325 763 368 11.
1039 306 1061 372 3

150 477 290 543 sortasse
314 476 513 542 desideraret
538 499 608 542 una
635 500 716 544 cum
744 478 877 563 reliquis
906 483 1003 546 bonis
1028 490 1063 546 et

151 582 292 647 sortibus
321 583 468 663 civibus;
499 584 586 647 bunc
607 591 669 647 aut
693 590 821 669 praeter
848 591 974 650 ceteros
1001 593 1063 652 aut

152 710 231 754 cum
255 688 372 773 paucis
396 689 572 752 sustineret
593 688 752 768 dolorem,
774 710 853 752 cum
875 688 983 754 sorum
1007 712 1064 776 po-

152 793 224 878 puli
248 793 403 872 Romani,
419 793 510 876 quod
533 792 652 856 fuisset
671 794 770 877 quasi
789 793 956 859 theatrum
974 796 1064 860 illius

152 899 290 983 ingenii,
305 918 386 962 voce
401 898 531 961 erudita
545 905 580 961 et
596 897 760 962 Romanis
782 899 985 983 Graecisque
1006 922 1065 964 au·

152 1005 244 1067 ribus
275 1003 378 1087 digna
404 1001 585 1088 spoliatum
615 1010 717 1086 atque
746 1006 901 1067 orbatum
930 1005 1065 1069 videret

154 1112 184 1174 7.
209 1109 379 1193 Equidem
406 1130 510 1194 angor
534 1110 649 1173 animo
672 1130 739 1173 non
763 1109 893 1174 consilii
919 1131 986 1173 non
1016 1111 1065 1174 in·

154 1216 246 1300 genii
262 1234 330 1277 non
346 1214 554 1280 auctoritatis
570 1215 669 1277 armis
685 1235 779 1300 egere
794 1236 863 1277 rem
886 1215 1066 1300 publicam,

155 1341 244 1402 quae
266 1318 446 1382 didiceram
468 1324 618 1397 tractare,
633 1320 821 1402 quibusque
843 1340 898 1383 me
921 1318 1037 1384 assues
1054 1355 1066 1370 ·

156 1446 276 1504 ceram,
292 1445 445 1507 quaeque
461 1430 555 1488 erant
574 1425 705 1509 propria
719 1445 797 1487 cum
815 1427 1016 1509 praestantis
1031 1427 1066 1489 in
1081 1425 1095 1482 t
1108 1443 1131 1466 ¹¹⁴
1145 1451 1165 1474 κ

155 1550 189 1594 re
212 1528 345 1613 publica
365 1529 425 1591 viri
448 1535 522 1593 tum
544 1530 629 1592 bene
652 1536 801 1592 moratae
826 1538 861 1593 et
881 1532 965 1593 bene
989 1551 1067 1594 con·

156 1634 296 1697 stitutae
327 1633 481 1696 civitatis.
531 1631 635 1710 Quod
662 1634 690 1696 si
718 1634 782 1697 fuit
810 1634 845 1698 in
875 1655 909 1698 re
934 1635 1069 1720 publica

155 1744 292 1823 tempus
328 1736 445 1815 ullum,
482 1758 561 1801 cum
598 1743 790 1820 extorquere
827 1760 920 1802 arma
955 1746 1069 1824 posset

157 1865 177 1906 e
203 1843 361 1906 manibus
389 1842 549 1906 iratorum
579 1841 704 1905 civium
734 1842 814 1906 boni
845 1843 927 1906 civis
956 1851 1069 1907 aucto·

156 1948 239 2013 ritas
263 1953 298 2012 et
321 1947 439 2027 oratio,
460 1952 534 2011 tum
559 1945 705 2032 profecto
733 1948 807 2027 fuit,
828 1968 907 2011 curu
930 1950 1070 2036 patroci-

157 2054 259 2145 uium
284 2053 380 2138 pacis
403 2051 574 2116 exclusum
599 2058 651 2116 est
677 2059 737 2116 aut
762 2073 867 2117 crrorc
894 2053 1069 2117 hominum

156 2165 220 2223 aut
248 2159 379 2222 timore.
419 2156 449 2221 8.
474 2158 526 2221 Ita
555 2158 723 2222 nobismet
752 2158 834 2242 ipsis
864 2158 993 2237 accidit,
1023 2165 1071 2238 ut,

158 2283 365 2346 quamquam
400 2267 513 2324 essent
543 2262 651 2325 multo
680 2263 789 2347 magis
819 2263 886 2327 alia
915 2262 1071 2349 lugenda,

157 2375 274 2432 tamen
303 2367 366 2431 hoc
389 2365 585 2446 doleremus,
606 2367 705 2450 quod,
720 2387 788 2449 quo
803 2373 951 2453 tempore
975 2374 1071 2431 aetas

159 2478 274 2537 nostra
295 2472 467 2557 perfuncta
488 2474 585 2535 rebus
608 2471 824 2557 amplissimis
840 2477 1014 2555 tamquam
1036 2474 1071 2536 iu

158 2585 294 2663 portum
325 2574 501 2662 confugere
524 2576 667 2655 deberet,
698 2597 766 2640 non
795 2577 932 2640 inertiae
963 2598 1071 2660 neque

158 2680 309 2747 desidiae
325 2682 384 2745 scd
400 2682 460 2745 otii
476 2681 639 2745 moderati
655 2687 755 2764 atque
772 2681 911 2760 honesti,
927 2703 1071 2764 cumque

159 2788 236 2873 ipsa
270 2787 375 2851 oratio
401 2786 474 2870 jam
503 2791 617 2850 nostra
652 2794 841 2850 canesceret
873 2786 1072 2869 haberetque

160 2913 261 2956 suam
286 2891 460 2974 quandam
486 2892 719 2955 maturitatem
744 2896 778 2955 et
801 2892 901 2974 quasi
924 2899 1073 2955 senectu-

159 3004 242 3075 tem,
257 3002 331 3060 turn
352 3016 447 3060 arma
469 3001 547 3060 sunt
568 3017 611 3060 ea
628 3002 772 3081 sumpta,
788 2997 909 3077 quibus
930 2994 980 3058 illi
1000 2995 1074 3078 ipsi,

161 3103 222 3185 qui
248 3101 432 3165 didicerant
458 3101 506 3164 eis
531 3101 582 3165 uti
611 3100 762 3186 gloriose,
787 3098 1074 3181 quemadmodum

157 3206 350 3271 salutariter
367 3210 545 3284 uterentur,
561 3225 628 3268 non
643 3204 857 3288 reperiebant
901 3202 931 3266 9.
956 3203 1074 3287 Itaque
1136 3189 1138 3191 ¹

159 3312 188 3377 ii
213 3311 298 3374 milri
319 3310 471 3373 videntur
492 3309 659 3374 fortunate
675 3311 839 3392 beateque
854 3308 974 3372 vixisse
995 3330 1075 3374 cunr

163 3418 200 3483 in
216 3417 332 3481 ceteris
347 3416 538 3480 civitatibus
559 3422 634 3480 turn
657 3415 804 3478 maxime
819 3416 853 3479 in
870 3421 990 3494 nostra,
1006 3415 1077 3497 qui·

164 3525 229 3588 bus
252 3544 330 3587 cum
354 3521 553 3588 auctoritate
577 3541 752 3604 rerumque
778 3526 948 3607 gestarum
974 3518 1080 3606 gloria
