2542 4117
199 315 223 380 4
494 334 631 378 sauros.
676 336 747 379 cre.
770 336 819 379 111.

203 496 278 554 tum
299 489 405 553 etiam
420 488 605 575 sapientiae
620 488 720 554 laude
736 486 855 575 perfrui
876 488 979 553 licuit
1019 488 1114 567 Quo·

202 616 277 658 rum
298 595 460 659 memoria
486 602 520 660 et
542 596 724 661 recordatio
751 596 786 659 in
811 595 965 659 maximis
991 596 1113 660 nostris

202 700 472 786 gravissimisque
498 702 585 765 curis
605 699 757 786 jucunda
782 720 863 764 sane
885 698 958 779 fuit,
978 721 1056 764 cum
1076 701 1113 765 in

201 826 277 869 eam
293 825 397 890 nuper
411 826 452 868 ex
467 827 617 870 sermone
632 806 780 889 quodam
796 804 1037 869 incidissemus.

105 947 121 1000 ἰ
246 909 307 974 ΙΙΙ.
351 908 402 974 10.
427 910 516 974 Nam
538 931 615 976 cum
638 909 881 974 inambularem
899 911 935 974 in
957 916 1055 997 xysto
1078 915 1114 974 et

145 1096 148 1104 χχ
201 1034 309 1079 essem
322 1015 450 1079 otiosus
462 1015 563 1094 dorni,
578 1014 624 1079 Μ.
641 1015 687 1096 ad
704 1036 756 1079 me
773 1015 908 1095 Brutus,
920 1021 960 1079 ut
974 1036 1113 1078 consue·

201 1125 303 1199 verat,
318 1140 396 1184 cum
421 1119 460 1184 Τ.
484 1120 673 1206 Pomponio
695 1125 838 1200 venerat,
859 1120 1010 1200 homines
1032 1140 1112 1183 cum

201 1225 286 1288 inter
300 1244 336 1289 se
351 1225 521 1309 conjuncti
535 1230 609 1289 tum
625 1224 708 1288 milri
722 1225 772 1288 ita
786 1225 854 1289 cari
867 1226 982 1308 itaque
994 1225 1113 1308 jucun·

201 1328 246 1408 di,
267 1334 307 1394 ut
328 1349 442 1393 eorum
466 1328 628 1415 adspectu
643 1330 763 1410 omnis,
778 1350 865 1413 quae
879 1350 934 1393 me
957 1331 1112 1414 angebat,

201 1433 243 1497 de
265 1453 298 1496 re
321 1433 454 1518 publiea
476 1454 554 1497 cura
572 1433 765 1514 consederit
812 1433 909 1512 Quos
931 1439 1111 1520 postquam

201 1536 354 1617 salutavi,
387 1536 482 1616 Quid
512 1558 581 1617 vos,
611 1537 761 1621 inquam,
792 1538 895 1602 Brute
925 1544 960 1602 et
991 1539 1112 1619 Attice,

202 1640 315 1706 nunc?
353 1641 435 1725 quid
465 1641 602 1707 tandem
633 1642 735 1707 novi?
774 1643 867 1707 Nihil
888 1664 978 1723 sane,
1002 1644 1113 1727 inquit

133 1785 139 1800 r
204 1747 340 1828 Brutus,
351 1745 441 1830 quod
456 1748 593 1833 quidem
609 1753 670 1811 aut
683 1753 722 1812 tn
738 1747 852 1811 audire
867 1747 957 1827 velis,
974 1755 1034 1813 aut
1048 1770 1111 1833 ego

203 1873 260 1937 pro
275 1858 364 1916 certo
380 1851 487 1916 dicere
503 1851 657 1916 audeam.
701 1851 753 1916 11.
779 1851 869 1916 Tum
890 1853 1032 1933 Atticus,
1049 1853 1112 1932 Eo,

132 1999 136 2012 ·
202 1958 321 2041 inquit,
344 1956 387 2021 ad
409 1963 443 2021 te
465 1958 580 2021 animo
602 1957 765 2037 venimus,
791 1962 830 2021 ut
853 1956 893 2020 de
918 1978 953 2021 re
978 1959 1112 2046 publica

203 2068 291 2126 esset
311 2061 491 2139 silentium,
511 2066 546 2125 et
568 2060 696 2145 aliquid
722 2062 913 2126 audiremus
937 2064 1049 2148 potius
1071 2084 1112 2126 ex

136 2175 147 2250 ᾗ
165 2205 177 2254 3,
202 2172 245 2246 te,
260 2187 363 2249 qnam
378 2172 412 2229 te
425 2163 632 2246 afficeremus
648 2165 718 2230 ulla
732 2166 893 2231 molestia.
937 2166 1010 2231 Vos
1026 2189 1112 2248 vem,

203 2271 352 2354 inquam,
378 2271 499 2351 Attice,
517 2275 552 2334 et
572 2277 780 2356 praesentem
805 2292 860 2335 me
885 2291 965 2336 cura
984 2271 1111 2352 levatis,

203 2380 238 2440 et
258 2376 390 2439 absenti
412 2396 537 2461 magna
563 2375 684 2440 solatia
709 2376 865 2440 dedistis:
887 2397 969 2441 nam
995 2378 1111 2442 vestris

203 2481 347 2567 primurn
372 2480 474 2545 literis
497 2486 662 2545 recreatus
687 2502 742 2544 me
765 2481 812 2545 ad
841 2481 978 2566 pristina
999 2482 1111 2547 studia

201 2586 362 2650 revocavi.
417 2585 506 2650 Tum
535 2585 600 2666 ille,
631 2585 726 2671 Legi,
757 2586 875 2669 inquit,
904 2585 1111 2672 perlubenter

203 2689 388 2776 epistolam,
403 2712 508 2774 quam
524 2690 567 2755 ad
581 2698 616 2756 te
632 2691 758 2755 Brutus
771 2692 864 2755 misit
879 2713 919 2755 ex
937 2692 1027 2772 Asia,
1043 2712 1112 2775 qua

203 2795 286 2859 mihi
300 2796 392 2859 visus
403 2801 454 2860 est
469 2801 502 2860 et
517 2817 651 2859 monere
663 2802 697 2859 te
709 2795 884 2882 prudenter
898 2803 933 2861 et
947 2796 1112 2861 consolari

203 2901 415 2965 amicissime.
453 2900 503 2964 12.
527 2898 640 2981 Recte,
657 2901 805 2983 inquam,
828 2907 879 2965 est
898 2902 1007 2966 visus:
1030 2921 1110 2966 nam

203 3028 258 3071 me
287 3006 360 3071 istis
390 3006 473 3069 scito
500 3004 601 3069 literis
624 3026 664 3068 ex
687 3005 844 3071 diuturna
865 3007 1111 3092 perturbatione

202 3112 307 3176 totius
339 3110 539 3175 valetudinis
571 3116 748 3193 tamquam
782 3110 826 3175 ad
858 3110 1110 3197 adspiciendam

203 3216 310 3280 lucem
330 3237 403 3280 esse
420 3221 622 3280 revocatum.
669 3216 780 3299 Atque
795 3221 834 3280 ut
856 3223 933 3302 post
958 3215 1111 3281 Cannen-

203 3342 274 3385 sem
307 3320 402 3384 illam
436 3319 662 3385 calamitatem
696 3322 841 3406 primum
880 3320 1030 3385 Marcelli
1066 3320 1111 3386 ad
1170 3331 1186 3359 ⁸

205 3425 327 3490 Nolam
343 3424 464 3511 proelio
481 3425 625 3510 populus
648 3448 683 3490 se
704 3426 880 3491 Romanus
895 3427 1005 3508 erexit,
1021 3433 1110 3511 post·

202 3552 309 3615 eaque
333 3551 508 3617 prosperae
530 3552 581 3596 res
596 3531 752 3617 deinceps
768 3533 896 3597 multae
911 3539 1110 3598 consecutae
