2542 4117
220 320 284 386 124
480 341 616 385 saurus.
660 342 730 386 cnr.
753 342 848 385 xcnr.

219 494 301 558 illud
325 494 358 558 in
385 515 449 575 me,
476 495 638 580 quidquid
664 501 760 574 esset,
787 517 860 558 esse
885 492 1067 580 perfectum
1094 501 1133 558 et

220 601 339 664 habere
377 602 603 665 maturitatem
639 600 809 684 quandam
848 621 954 663 suam.
1017 600 1133 662 Nimis

219 704 326 768 multa
346 705 457 769 videor
481 706 523 769 de
547 728 611 785 me,
631 707 702 791 ipse
728 707 929 790 praesertim,
953 704 1013 767 sed
1036 705 1134 767 omni

220 809 299 873 lruic
314 812 457 873 sermoni
473 812 677 896 propositum
694 817 753 889 est,
770 831 834 873 non
852 816 890 872 ut
904 810 1081 895 ingenium
1097 813 1134 872 et

220 913 443 997 eloquentiam
460 937 570 979 meam
588 917 776 1000 perspicias,
788 914 878 978 unde
889 913 987 998 longe
1001 917 1134 992 absum,

221 1019 279 1082 sed
300 1026 339 1082 ut
361 1019 506 1083 laborem
523 1026 556 1084 et
570 1020 775 1083 industriam.
819 1018 893 1082 319.
920 1019 1008 1082 Cum
1030 1020 1134 1103 igitur

143 1120 144 1123 '
221 1145 327 1187 essem
352 1126 387 1188 in
411 1124 560 1209 plurimis
575 1126 685 1188 causis
700 1131 734 1188 et
747 1126 782 1187 in
800 1124 1002 1208 principibus
1024 1129 1135 1207 patro·

221 1229 273 1293 nis
289 1230 552 1313 quinquennium
568 1229 634 1293 sere
646 1236 802 1308 versatus,
814 1235 886 1292 tum
901 1229 935 1292 in
948 1229 1134 1313 patrocinio

224 1333 388 1398 Siciliensi
412 1335 557 1397 maxime
584 1335 619 1398 in
646 1342 811 1398 certamen
836 1335 911 1397 veni
936 1333 1134 1418 designatus

221 1437 337 1502 aedilis
353 1459 430 1501 cum
446 1438 620 1524 designato
636 1439 770 1503 consule
790 1438 976 1502 Hortensio.

266 1541 393 1606 XCIII.
420 1542 487 1607 Sed
510 1545 669 1627 quoniam
694 1545 802 1608 omnis
823 1545 876 1607 hic
891 1564 998 1606 sermo
1024 1547 1135 1605 noster

221 1669 288 1712 non
323 1647 432 1712 solum
466 1651 751 1713 enumerationem
785 1648 987 1711 oratoriam*
1017 1666 1133 1710 verum

222 1754 324 1817 etiarn
351 1763 526 1838 praecepta
549 1753 714 1836 quaedam
742 1753 915 1832 desiderat,
942 1751 1023 1835 quid
1048 1757 1134 1814 tam·

222 1883 325 1944 quam
342 1861 527 1925 notandum
543 1868 577 1924 et
591 1860 921 1924 animadvertendum
938 1860 981 1923 sit
996 1860 1030 1922 in
1050 1858 1135 1922 Hor·

222 1968 339 2046 tensio,
365 1968 503 2030 breviter
525 1967 602 2030 licet
628 1967 743 2030 dicere.
789 1966 862 2030 320.
886 1966 975 2030 Nam
1000 1967 1030 2029 is
1059 1970 1135 2050 post

222 2071 434 2135 consulatum
459 2070 577 2154 (cred0,
593 2071 683 2154 quod
703 2065 829 2134 videret
848 2092 888 2134 ex
904 2069 1134 2134 consularibus

223 2176 392 2239 neminem
417 2196 489 2237 esse
514 2196 627 2238 secum
654 2174 926 2260 comparandum,
953 2174 1136 2260 negligeret

223 2286 336 2343 autem
360 2300 427 2358 eos,
443 2280 500 2362 qui
522 2279 674 2342 consules
694 2301 760 2342 non
782 2279 933 2364 luissent)
961 2300 1135 2342 summum

222 2383 305 2447 illud
326 2405 424 2446 suum
446 2383 595 2447 studium
618 2384 752 2464 remisit,
768 2406 835 2468 quo
858 2406 879 2447 a
902 2405 1003 2469 puero
1026 2382 1136 2447 fuerat

223 2489 389 2569 incensus,
420 2494 520 2571 atque
547 2489 580 2552 in
606 2490 756 2552 omniurn
788 2510 895 2551 rerum
926 2487 1137 2551 abundantia

223 2593 330 2658 voluit
354 2595 496 2673 beatius
521 2600 560 2657 ut
584 2595 654 2679 ipse
678 2596 827 2678 putabat,
852 2594 1021 2657 remissius
1048 2599 1136 2656 certe

224 2700 340 2763 vivere.
398 2699 529 2763 Primus
559 2706 592 2763 et
621 2699 786 2762 secundus
817 2721 925 2762 annus
954 2705 988 2761 et
1017 2700 1137 2762 tertius

225 2810 360 2869 tantum
387 2805 483 2886 quasi
510 2803 551 2866 de
581 2804 728 2888 picturae
752 2805 870 2867 veteris
897 2803 1003 2867 colore
1030 2803 1137 2866 detra·

226 2915 326 2988 xerat,
346 2915 509 2992 quantum
535 2929 600 2971 non
621 2909 729 2991 quivis
745 2930 833 2971 unus
858 2930 898 2970 ex
925 2907 1049 2992 populo
1078 2906 1136 2971 sed

227 3015 431 3078 existimator
457 3013 576 3077 doctus
603 3019 636 3077 et
662 3013 848 3098 intelligens
873 3018 985 3098 posset
1014 3033 1137 3097 cogno·

227 3141 323 3182 scere.
380 3117 530 3203 Longius
558 3124 671 3181 autem
695 3118 871 3203 procedens
898 3123 937 3180 ut
961 3118 995 3179 in
1019 3118 1137 3180 ceteris

227 3223 435 3306 eloquentiae
465 3223 613 3307 partibus
643 3229 715 3286 tum
741 3222 886 3285 maxime
911 3222 945 3283 in
970 3220 1138 3284 celeritate

226 3334 261 3391 et
283 3327 533 3391 continuatione
550 3329 721 3390 verborum
738 3327 975 3390 adhaerescens
996 3325 1050 3388 sui
1073 3324 1140 3388 dis·

374 3549 387 3574 *
405 3550 522 3613 Conrado,
532 3551 677 3614 Lambinus,
688 3553 739 3601 and
750 3552 854 3603 Schutz:
870 3558 992 3600 natorum.
