2542 4117
395 324 530 369 neurus.
575 326 647 369 oar.
669 327 772 370 nxxu.
990 306 1033 371 95

117 477 286 560 nobisque
302 476 496 541 amicissimi
512 479 666 544 laudibus
682 479 832 544 lubenter
858 481 968 556 audio,
983 487 1033 545 ta·

118 605 199 647 men
224 585 352 647 incurro
367 585 402 647 in
418 587 613 648 memoriam
637 587 867 649 communium
889 589 1034 652 miseria·

116 710 207 767 rum,
228 710 370 771 quarum
394 688 594 753 oblivionem
616 712 778 773 quaerens
805 692 894 755 hunc
920 694 1031 777 ipsum

118 815 310 858 sermonem
329 794 468 878 produxi
490 794 630 879 longius.
679 795 745 859 sed
761 795 803 858 de
822 796 962 859 Caesare
978 819 1034 861 cu·

117 901 178 985 pio
192 899 315 979 audire,
327 898 407 981 quid
420 899 555 961 taudem
571 901 702 964 Atticus
714 901 849 985 judicet
889 900 1033 966 LXXlL

119 1004 171 1068 Et
194 1005 258 1084 ille,
274 1004 451 1083 Praeclare,
467 1006 585 1087 inquit,
605 1007 664 1068 tibi
689 1014 831 1086 constas,
853 1014 892 1071 ut
915 1009 957 1071 de
981 1010 1033 1089 iis,

118 1111 179 1192 qui
204 1131 294 1172 nuuc
317 1110 392 1187 sint,
407 1110 489 1173 nihil
507 1110 587 1173 velis
603 1112 673 1195 ipse
689 1111 813 1175 dicere:
836 1119 878 1192 et,
895 1114 1033 1193 hercule,

119 1217 149 1277 61
165 1214 215 1276 616
231 1236 353 1299 ageres,
365 1219 403 1276 ut
417 1214 459 1276 de
475 1215 515 1277 iis
531 1216 638 1299 egisti,
650 1218 707 1299 qui
720 1219 791 1301 jam
807 1220 928 1281 mortui
945 1227 1032 1300 sunt,

119 1322 292 1384 neminem
318 1326 358 1383 ut
383 1322 667 1405 praetermitteres‚
694 1344 756 1385 nae
782 1325 877 1388 tuin
909 1325 1032 1390 multos

123 1426 307 1489 Autronios
337 1430 371 1488 et
400 1425 555 1489 Staienos
585 1427 771 1491 incurreres.
820 1428 932 1506 Quare
963 1432 1033 1494 sive

120 1531 210 1595 lianc
232 1533 363 1594 turbam
379 1530 521 1616 effugere
544 1531 687 1610 voluisti,
703 1534 771 1596 sive
785 1534 908 1598 veritus
929 1556 974 1614 es,
990 1558 1032 1600 ne

119 1639 198 1720 quis
221 1657 257 1699 se
280 1643 340 1700 aut
361 1638 572 1721 praeteritum
589 1643 651 1700 aut
670 1641 834 1702 nonsatis
857 1639 1032 1705 laudatum

119 1744 215 1826 queri
241 1746 361 1826 posset,
385 1741 426 1803 de
452 1740 594 1804 Caesare
616 1749 730 1805 tamen
752 1744 891 1828 potuisti
916 1745 1033 1826 dicere,

120 1848 314 1934 praesertim
331 1867 409 1909 cum
425 1852 459 1909 61
473 1853 574 1940 11111111
591 1846 632 1909 (16
648 1847 736 1909 illius
752 1848 886 1932 iugenio
902 1851 1033 1913 notissi-

118 1973 217 2016 mum
237 1952 403 2036 judicium
418 1957 506 2014 esset
527 1972 588 2013 uec
608 1950 696 2014 illius
711 1952 752 2015 de
768 1959 828 2015 tuo
844 1955 1031 2017 obscurum.

119 2058 196 2121 252.
222 2056 290 2120 Sed
311 2062 437 2135 tamen,
454 2055 567 2135 Brute,
582 2057 692 2139 inquit
717 2058 858 2138 Atticus,
881 2059 923 2122 de
949 2059 1033 2122 Cae·

121 2184 194 2228 sare
219 2169 252 2226 et
275 2163 347 2247 ipse
370 2164 420 2226 ita
437 2162 560 2245 judico,
576 2168 610 2226 et
632 2163 673 2226 de
697 2164 760 2227 hoc
782 2165 881 2250 hujus
904 2168 1032 2251 generis

121 2269 281 2333 acerrimo
312 2268 558 2331 existimatore*
587 2269 781 2353 saepissime
811 2271 911 2334 audio
937 2272 1031 2338 illum

120 2376 275 2437 omnium
299 2371 364 2436 fere
386 2379 554 2436 oratorum
579 2372 701 2436 Latine
721 2374 812 2457 loqui
829 2375 1032 2462 elegantissi-

119 2500 186 2559 me,
202 2500 265 2542 nec
279 2478 314 2541 id
330 2476 438 2541 solum
453 2477 636 2540 domestica
653 2480 904 2560 cousuetudine,
919 2489 958 2544 ut
973 2483 1032 2546 du-

120 2584 204 2648 dum
221 2584 262 2647 de
280 2583 470 2647 Laeliorum
494 2590 528 2645 61
553 2581 739 2645 Muciorum
760 2582 895 2647 familiis
919 2586 1032 2649 audie·

120 2693 253 2769 bamus,
276 2689 343 2768 sed,
361 2708 566 2771 quamquam
589 2687 622 2750 id
646 2708 779 2770 quoque
802 2689 897 2751 credo
919 2690 1032 2772 luisse,

118 2801 247 2874 tamen,
262 2800 300 2857 ut
322 2799 410 2857 66661
432 2791 574 2877 perlecta
590 2791 645 2855 illa
663 2794 745 2855 bene
767 2793 924 2876 loquendi
947 2795 1031 2876 laus,

119 2901 236 2965 multis
250 2900 352 2963 literis
368 2903 401 2961 et
414 2898 455 2960 iis
470 2897 605 2980 quidem
621 2898 797 2962 reconditis
813 2905 847 2962 61
862 2902 1032 2983 exquisitis

120 3025 322 3087 summoque
350 3003 460 3067 studio
487 3008 520 3065 et
546 3002 719 3086 diligentia
745 3008 797 3067 est
823 3012 1031 3068 consecutus.

119 3110 194 3175 253.
222 3109 293 3187 Qui
317 3110 419 3172 etiam
443 3109 479 3171 in
503 3108 661 3170 maximis
688 3108 961 3191 occupationibus
988 3108 1032 3174 ad

118 3223 153 3281 te
168 3218 291 3301 ipsum,
306 3215 415 3296 inquit
429 3214 463 3276 in
480 3234 533 3275 me
549 3213 692 3289 intusne,
708 3212 749 3276 de
763 3213 890 3276 ratione
908 3213 1032 3278 Latine

118 3321 279 3405 loquendi
302 3318 547 3383 accuratissime
570 3316 741 3401 scripserit,
756 3319 927 3402 primoque
942 3319 976 3382 iu
996 3319 1034 3382 li·

405 3538 418 3566 *
435 3538 576 3593 nouum:
592 3534 743 3591 aetimare.
