2542 4117
448 319 585 362 sauros.
630 320 701 362 ore.
722 319 777 362 xv.
1023 296 1065 362 19

149 470 353 536 sacrificium
380 472 551 558 publicum
578 494 655 536 cum
687 473 786 536 laena
814 470 944 552 laceret,
974 471 1065 554 quod

150 584 224 641 erat
253 578 376 641 flamen
410 578 639 657 Carmentalis,
670 578 777 663 plebei
808 585 923 641 contra
955 585 1067 662 patres

151 683 380 745 concitatione
403 688 437 746 et
459 683 621 746 seditione
644 684 807 762 nuntiata,
823 688 861 746 ut
877 689 947 746 erat
968 682 1065 746 laena

151 788 309 865 amictus,
331 788 380 850 ita
401 788 493 851 venit
514 788 548 850 in
572 788 777 866 concionem,
800 786 1065 871 seditionemque

151 913 233 955 oum
255 892 449 955 auctoritate
464 898 538 955 tum
562 893 711 955 oratioue
734 892 871 954 sedavit.
918 890 985 955 Sed
1008 913 1067 955 eos

152 1004 301 1060 oratores
318 996 448 1059 habitos
465 1018 546 1076 esse,
563 1002 624 1059 aut
639 997 776 1059 omnino
792 1001 863 1060 tum
880 995 985 1059 ullum
1002 996 1068 1058 elo·

151 1102 313 1185 quentiae
329 1102 513 1185 praemium
528 1100 631 1164 fuisse
648 1101 729 1164 nihil
744 1122 824 1164 sane
840 1101 922 1164 mihi
946 1101 1066 1185 legisse

151 1207 287 1286 videor3
307 1207 545 1270 tantummodo
561 1208 751 1291 conjectura
771 1206 873 1270 ducor
894 1206 938 1270 ad
961 1207 1066 1290 suspi-

153 1312 313 1376 candum.
357 1311 408 1374 57.
431 1310 560 1375 Dicitur
575 1312 677 1374 etiam
696 1312 733 1374 Ο.
751 1310 937 1375 Flaminius
955 1311 993 1390 is,
1008 1311 1067 1394 qui

151 1419 309 1481 tribunus
325 1416 428 1500 plebis
444 1416 551 1501 legem
576 1416 618 1480 de
641 1438 721 1502 agro
746 1416 877 1480 Gallico
892 1424 926 1479 et
945 1415 1067 1479 Piceno

153 1523 279 1586 viritim
301 1522 479 1585 dividendo
502 1521 621 1601 tulerit,
637 1523 695 1605 qui
710 1521 825 1585 consul
845 1521 935 1606 apud
961 1521 1069 1585 Trasi-

154 1648 296 1691 menum
319 1628 364 1690 sit
384 1627 584 1706 interfectus,
603 1627 649 1690 ad
671 1626 834 1712 populum
856 1626 999 1713 valuisse
1021 1626 1068 1688 di·

155 1732 273 1796 cendo
322 1731 365 1809 Q.
396 1734 499 1795 etiam
529 1732 701 1795 Maximus
730 1731 935 1794 Verrucosus
962 1738 1070 1795 orator
1147 1811 1150 1818 ι
1205 1719 1208 1730 ’

155 1838 292 1901 habitus
308 1843 358 1900 est
373 1837 577 1922 temporibus
592 1836 658 1900 illis
673 1842 707 1899 et
725 1835 768 1913 Q.
787 1835 942 1899 Metellus
958 1836 996 1915 is,
1011 1838 1070 1917 qui

155 1941 246 2005 bello
274 1942 400 2005 Punico
425 1940 570 2004 secundo
594 1961 671 2004 cum
696 1940 735 2003 L.
763 1940 902 2004 Veturio
931 1940 1068 2004 Philone

155 2046 275 2111 consul
299 2046 372 2110 fuit.

204 2151 280 2215 XV.
305 2150 418 2228 Quem
431 2172 507 2214 vero
519 2155 626 2213 exstet
641 2150 730 2213 etde
747 2171 815 2233 quo
831 2151 875 2213 sit
889 2150 1070 2213 memoriae

156 2255 325 2342 proditum
343 2256 553 2338 eloquentem
569 2255 671 2319 luisse
686 2263 720 2319 et
742 2258 790 2320 ita
813 2278 886 2319 esse
908 2256 1070 2335 habitum,

157 2363 285 2447 primus
309 2368 360 2425 est
386 2361 433 2425 M.
467 2361 640 2424 Cornelius
673 2361 850 2446 Cethegus,
880 2362 976 2446 cujus
1006 2362 1070 2424 elo·

157 2468 315 2549 quentiae
332 2471 382 2529 est
398 2473 520 2545 auctor,
536 2473 570 2529 et
590 2466 731 2529 idoneus
754 2466 890 2548 quidem
905 2487 982 2529 mea
998 2488 1071 2529 sen·

156 2573 275 2650 tentia,
293 2570 336 2648 Q.
360 2571 509 2650 Ennius3
532 2572 723 2655 praesertim
740 2592 819 2634 cum
840 2577 874 2633 et
895 2571 967 2654 ipse
991 2592 1069 2635 eum

158 2676 332 2755 audiverit,
359 2682 393 2739 et
419 2677 539 2739 scribat
565 2675 606 2738 de
631 2681 781 2756 mortu03
811 2697 851 2738 ex
881 2697 948 2757 quo
978 2676 1070 2739 nulla

159 2782 305 2865 suspicio
321 2787 372 2844 est
392 2782 559 2843 amicitiae
575 2801 679 2844 causa
695 2802 766 2844 esse
787 2781 975 2844 mentitum.
1018 2780 1070 2844 58.

160 2886 226 2950 Est
247 2886 348 2970 igitur
374 2886 422 2949 sio
445 2885 536 2969 apud
565 2884 660 2948 illum
689 2886 724 2949 iu
755 2907 854 2966 nono,
880 2893 919 2950 ut
945 2887 1070 2971 opinor,

160 2992 292 3056 annali:

349 3112 460 3163 Additur
470 3121 552 3164 orator
564 3114 688 3165 Corneliu’
699 3112 881 3176 suaviloquenti

353 3194 403 3246 Ore
416 3195 541 3260 Cethegus
552 3194 650 3245 Marcu'
662 3195 789 3245 Tuditano
800 3194 897 3258 collega

352 3278 433 3327 Marci
443 3278 508 3327 filius
511 3311 636 3327 ......

162 3415 209 3480 Et
224 3419 387 3477 oratorem
403 3413 557 3500 appellat,
572 3419 606 3477 et
626 3411 928 3496 suaviloquentiam
950 3410 1072 3491 tribuit,

162 3541 251 3605 quae
274 3541 363 3583 nunc
384 3518 520 3604 quidem
536 3521 690 3582 nontam
707 3524 757 3582 est
776 3519 810 3581 in
827 3516 1006 3602 plerisque:
1027 3516 1073 3580 la·

1111 313 1197 576 fit
