2542 4117
213 292 258 358 54
490 313 627 358 usurus.
672 314 743 358 cnr.
765 315 847 358 xnn.

214 467 352 532 dixerim
368 466 444 552 plus
460 467 563 531 studii
584 489 689 550 quam
711 468 806 533 illum
822 475 856 532 et
878 469 923 533 ad
945 469 1131 534 dicendum

214 579 248 637 et
278 572 322 636 ad
348 593 464 636 ornnes
491 574 656 637 bonarum
685 594 792 638 rerum
819 574 1011 659 disciplinas
1037 576 1133 639 adhi-

214 678 336 741 buisse.
382 677 473 741 Nam
495 683 530 740 et
554 678 590 741 in
609 678 728 741 iisdem
750 679 1040 743 exercitationibus
1059 681 1132 742 ine·

215 789 297 847 unte
320 788 431 846 aetate
453 780 589 862 suimus,
605 789 640 846 et
663 789 781 868 postea
803 805 873 847 una
893 783 1052 848 Rhodum
1074 781 1134 848 ille

214 888 316 951 etiam
339 886 505 972 profectus
527 893 587 965 est,
603 909 669 969 quo
693 888 808 951 melior
830 894 917 952 esset
934 894 969 952 et
982 889 1133 951 doctior:

215 998 250 1056 et
274 992 353 1056 inde
373 997 418 1077 ut
442 992 547 1071 rediit,
567 992 697 1056 videtur
724 993 806 1056 mihi
832 994 868 1056 in
888 993 1035 1057 secunda
1058 999 1133 1057 arte

115 1116 116 1119 ’
216 1097 342 1181 primus
365 1118 437 1159 esse
460 1096 618 1160 maluisse
640 1118 743 1179 quam
763 1098 798 1161 in
823 1100 930 1182 prima
952 1099 1134 1161 secundus.

219 1202 331 1284 Atque
343 1200 433 1264 haud
446 1202 515 1264 seio
525 1223 567 1264 an
581 1223 641 1286 par
652 1203 854 1287 principibus
865 1224 936 1266 esse
947 1204 1134 1287 potuisset:

217 1307 275 1372 sed
299 1309 438 1370 fortasse
460 1307 589 1387 maluit,
611 1307 647 1371 id
670 1308 760 1391 quod
783 1314 834 1371 est
855 1308 1007 1393 adeptus,
1028 1308 1132 1392 longe

217 1414 369 1477 omnium
393 1434 460 1476 non
486 1413 635 1497 ejusdem
658 1412 759 1477 modo
782 1414 902 1477 aetatis
929 1414 987 1477 sed
1013 1434 1132 1476 eorum

217 1518 330 1596 etiam,
351 1518 409 1599 qui
431 1518 581 1598 fuissent,
603 1518 638 1581 in
662 1518 735 1601 jure
757 1518 845 1581 civili
871 1540 943 1582 esse
971 1518 1133 1603 princeps.

218 1621 292 1687 152.
324 1621 390 1686 Hie
422 1623 556 1702 Brutus,
593 1623 668 1686 Ain'
699 1622 761 1687 tu?
791 1624 909 1706 inquit.
966 1623 1132 1687 Etiamne

221 1726 264 1805 Q.
284 1726 465 1791 Scaevolae
491 1727 644 1792 Servium
667 1734 817 1792 nostrum
833 1728 1032 1813 anteponis?
1074 1727 1133 1792 sio

218 1834 318 1914 enim,
340 1835 490 1917 inquam,
514 1833 626 1911 Brute,
655 1834 809 1897 existimo
828 1834 911 1918 juris
933 1834 1036 1896 civilis
1060 1855 1133 1896 ma·

220 1960 325 2024 gnum
341 1961 441 2002 usum
458 1945 492 2002 et
507 1938 597 2021 apud
621 1937 818 2001 Scaevolam
838 1944 872 2002 et
894 1938 985 2022 apud
1007 1938 1134 2003 multos

218 2042 331 2122 fuisse,
354 2048 458 2105 artem
481 2044 514 2105 in
542 2044 605 2106 hoo
631 2064 719 2107 uno:
742 2042 832 2127 quod
858 2064 1032 2126 nunquam
1057 2041 1134 2106 effe·

218 2148 319 2211 nisset
347 2148 453 2231 ipsius
479 2147 561 2231 juris
592 2149 742 2227 scientia,
773 2149 838 2212 nisi
862 2170 938 2212 eam
964 2156 1136 2233 praeterea

218 2251 388 2316 didicisset
418 2257 531 2331 artem,
561 2274 648 2335 quae
680 2253 812 2318 doceret
843 2275 912 2317 rem
942 2255 1135 2318 universam

220 2357 361 2419 tribuere
383 2357 418 2420 in
442 2363 560 2441 partes,
576 2357 737 2421 latentem
754 2358 915 2444 explicare
933 2358 1135 2439 definiendo,

220 2461 395 2524 obscuram
417 2461 595 2546 explanare
617 2463 872 2546 interpretand0,
888 2465 1049 2549 ambigua
1072 2465 1137 2549 pri·

220 2586 316 2629 mum
331 2566 440 2630 ridere
458 2567 578 2630 deinde
601 2568 814 2652 distinguere,
829 2574 995 2652 postremo
1015 2570 1137 2631 habere

219 2671 379 2756 regulam,
395 2694 463 2755 qua
485 2693 561 2735 vera
585 2678 618 2735 et
639 2671 723 2736 falsa
741 2672 975 2756 judicarentur,
991 2680 1025 2735 et
1046 2694 1136 2756 quae

220 2779 342 2860 quibus
369 2779 484 2862 positis
507 2783 626 2856 essent,
650 2799 803 2861 quaeque
827 2800 895 2843 non
922 2785 1033 2842 essent
1057 2801 1136 2843 con·

222 2884 405 2965 sequentia.
448 2882 520 2946 153.
554 2882 619 2946 Hic
648 2884 737 2945 enim
769 2883 882 2946 attulit
912 2883 998 2947 hanc
1027 2890 1136 2947 artem

223 2990 376 3054 omniurn
401 2989 522 3051 artium
550 2988 732 3051 maximam
758 2989 855 3070 quasi
879 2987 988 3051 lucem
1013 2988 1058 3051 ad
1084 3010 1137 3067 ea,

224 3117 310 3179 quae
323 3093 459 3160 confuse
471 3097 514 3158 ab
526 3094 599 3158 aliis
613 3099 672 3158 aut
686 3094 970 3178 respondebantur
984 3100 1044 3157 aut
1059 3115 1137 3179 age-

222 3205 352 3266 bantur.
398 3199 507 3264 XLII.
531 3198 750 3263 Dialeotioam
773 3199 856 3261 mihi
876 3198 993 3261 videris
1017 3198 1135 3278 dicere,

223 3307 341 3390 inquit.
390 3304 504 3384 Recte,
531 3305 679 3387 inquam,
702 3302 875 3388 intelligis:
898 3303 955 3366 sed
983 3303 1137 3387 adjunxit

225 3413 327 3475 etiam
350 3416 385 3474 et
405 3409 573 3473 literarum
590 3408 765 3471 scientiam
780 3413 814 3471 et
829 3406 986 3490 loquendi
1005 3408 1137 3492 elegan-

224 3516 319 3595 tiam,
334 3535 420 3598 quae
446 3535 487 3577 ex
510 3512 638 3598 scriptis
652 3512 733 3597 ejus,
748 3533 890 3595 quorum
906 3512 1029 3576 simssia
1043 3512 1137 3578 nulla
