2542 4117
99 623 102 634 '
120 631 132 704 l

195 281 239 349 84
469 301 604 347 urowa.
650 303 721 346 car.
743 301 836 347 cxiv.

195 455 318 521 irrideri
340 456 442 520 etiam
465 454 582 519 solitus
597 461 694 534 esset,
708 456 744 519 in
767 456 937 521 tribunatu
959 459 1109 542 primum

197 568 311 627 contm
329 562 365 625 C.
381 560 463 625 Julii
478 560 567 624 illam
583 560 777 624 consulatus
792 561 986 645 petitionem
1005 571 1111 629 extra·

197 667 397 731 ordinariam
423 686 533 729 veram
560 686 701 729 causam
728 686 830 750 agens
856 672 907 729 est
931 670 1111 751 probatus3

195 778 231 836 et
252 793 293 835 eo
315 771 433 856 magis,
448 769 548 853 quod,
572 770 714 833 eandem
732 791 871 834 causam
895 793 972 834 cum
996 779 1111 858 ageret

197 877 268 962 ejus
284 876 419 962 collega,
434 875 487 938 ille
508 876 579 959 ipse
605 874 785 959 Sulpicius,
802 877 855 939 hic
871 875 965 960 plura
980 884 1015 941 et
1030 900 1109 942 acu·

195 981 281 1047 tiora
293 981 434 1044 dicebat
467 980 583 1062 ltaque
597 987 674 1063 post
682 980 892 1043 tribunatum
905 982 1012 1066 primo
1025 982 1111 1047 mul·

196 1091 251 1151 tae
267 1084 311 1149 ad
326 1106 405 1149 eum
421 1105 542 1148 causae
555 1083 674 1147 deinde
687 1104 813 1162 omnes,
827 1086 993 1149 maximae
1006 1108 1108 1170 quae·

197 1210 340 1273 cumque
361 1194 466 1266 erant,
481 1186 719 1250 deserebantur.
764 1187 838 1250 227.
863 1187 948 1252 Rem
972 1190 1110 1255 videbat

198 1300 305 1373 acute,
323 1295 546 1377 componebat
568 1291 752 1377 diligenter,
774 1294 937 1357 memoria
957 1294 1109 1360 valebat:

196 1399 302 1461 verbis
317 1418 384 1461 uon
399 1397 453 1461 ille
465 1396 599 1479 quidem
612 1398 737 1461 ornatis
748 1400 903 1460 utebatur
919 1399 978 1462 sed
993 1406 1110 1466 tamen

197 1523 264 1566 non
288 1502 434 1587 abjectis.
479 1500 648 1585 Expedita
670 1509 783 1566 autern
805 1509 877 1566 erat
898 1508 932 1567 et
954 1504 1110 1588 perfacile

198 1625 327 1671 currens
350 1607 465 1669 oratio.
511 1605 558 1669 Et
578 1612 649 1669 erat
675 1608 746 1691 ejus
769 1607 906 1690 quidem
931 1614 1109 1692 tamquam

199 1711 333 1776 habitus
348 1732 416 1774 uon
431 1711 630 1774 inurbanus:
654 1712 741 1774 actio
764 1712 914 1796 paullum
930 1734 1008 1776 cum
1028 1715 1110 1778 vitio

197 1817 289 1879 vocis
310 1822 385 1880 tum
401 1816 502 1878 etiam
518 1815 652 1899 ineptiis
676 1815 895 1880 claudicabat
941 1817 1007 1881 Hic
1026 1826 1111 1883 tem·

198 1921 334 2005 poribus
354 1919 465 1984 floruit
486 1917 536 1999 iis',
552 1913 674 2001 ouibus
696 1920 781 1984 inter
802 1920 1041 2005 profectionem
1063 1945 1111 1987 re·

199 2024 374 2108 ditumque
403 2023 441 2087 L.
469 2022 581 2087 Sullae
606 2025 678 2088 sine
700 2025 772 2110 jure
796 2027 862 2089 fuit
887 2033 922 2091 et
944 2028 1015 2092 sine
1042 2029 1111 2094 ulla

198 2129 364 2214 dignitate
388 2150 439 2193 rea
464 2127 606 2213 publica.
652 2128 728 2193 Hoc
755 2131 856 2193 etiam
884 2133 1017 2217 magis*
1039 2154 1110 2219 pro·

197 2236 347 2313 babatur,
362 2233 453 2317 quod
468 2239 538 2296 erat
553 2236 595 2297 ab
607 2235 789 2298 oratoribus
805 2236 971 2318 quaedam
987 2238 1022 2300 in
1039 2237 1111 2302 foro

198 2338 352 2401 solitudo.
399 2336 567 2422 Sulpicius
597 2337 770 2418 occiderat,
803 2341 904 2405 Cotta
933 2344 1048 2406 aberat
1077 2351 1112 2409 et

201 2441 321 2507 Curio:
347 2442 482 2506 vivebat
507 2463 524 2504 e
550 2441 684 2525 reliquis
708 2446 856 2528 patronis
887 2446 957 2530 ejus
988 2449 1111 2511 aetatis

198 2569 298 2613 nemo
313 2554 441 2633 praeter
464 2548 650 2611 Carbonem
665 2553 700 2611 et
716 2547 950 2632 Pomponium,
966 2572 1110 2633 quorum

199 2659 377 2737 utrumque
403 2653 499 2717 facile
522 2654 708 2738 superabat.
753 2653 882 2718 LXIV.
926 2655 999 2719 228.
1024 2657 1111 2720 Infe-

198 2759 291 2825 rioris
317 2763 431 2822 autem
457 2758 577 2821 aetatis
604 2764 674 2821 erat
697 2759 866 2843 proximus
891 2758 930 2823 L
956 2760 1111 2843 Sisenna,

200 2862 318 2928 doctus
333 2862 429 2925 viret
443 2862 562 2925 studiis
578 2863 714 2946 optimis
736 2863 869 2928 deditus
884 2867 968 2928 bene
986 2866 1111 2932 Latine

199 2968 338 3052 loquens
361 2987 484 3053 gnarus
509 2967 556 3030 rei
586 2967 739 3051 publicae
765 2990 832 3032 non
862 2970 933 3033 sine
963 2968 1112 3055 facetiis;

198 3074 260 3139 aed
288 3094 395 3157 neque
423 3071 544 3135 laboris
573 3071 673 3135 multi
702 3093 763 3136 nec
793 3075 874 3138 satis
895 3082 1045 3140 versatus
1074 3078 1112 3142 iu

199 3179 309 3243 causis
331 3178 586 3262 interjectusque
608 3176 693 3240 iuter
707 3175 792 3241 duas
815 3185 943 3244 aetates
968 3180 1111 3246 Horten·

232 3419 245 3445 ⁹
260 3421 309 3471 Ed.
325 3421 420 3471 Princ:
435 3417 476 3469 loc
491 3419 560 3470 etiam
575 3429 651 3471 autem
667 3422 749 3488 magia.
781 3422 870 3473 Hand:
889 3423 931 3475 hoc
947 3432 1022 3475 arcam
1040 3425 1111 3477 etiam

200 3502 284 3567 nupta.
