2542 4117
440 297 577 342 sacrus.
622 299 693 343 can.
712 301 805 345 nxnr.
1034 278 1078 345 83

161 450 240 513 bem
263 455 412 515 aetatum
436 451 595 533 ordinem,
610 474 715 539 nuper
735 454 773 518 L
792 453 973 532 Quinctius
995 453 1077 535 suit;

161 556 274 639 aptior
284 557 389 619 etiam
402 556 578 645 Palicanus
588 560 722 622 auribus
732 560 968 643 imperitorum.
1000 560 1075 623 224.

162 658 212 723 Et
234 662 396 743 quoniam
413 662 511 746 hujus
527 664 653 748 generis
673 662 761 727 facta
777 666 903 728 mentio
918 671 978 745 est,
993 665 1077 728 sedi·

160 765 326 829 tiosorum
350 767 503 831 omnium
526 774 601 852 post
626 769 795 832 Gracchos
824 768 862 832 L.
891 769 1075 855 Appuleius

166 868 369 934 Saturninus
406 871 700 955 eloquentissimus
731 874 822 937 visus
859 880 930 953 est;
967 874 1076 959 magis

163 976 274 1059 specie
291 983 406 1040 tamen
422 984 456 1041 et
471 984 678 1061 metuatque
694 980 767 1064 ipso
783 980 908 1043 amictu
924 980 1079 1064 capiebat

163 1079 318 1143 homines
341 1102 443 1163 quam
464 1089 525 1145 aut
546 1081 679 1145 dicendi
701 1085 799 1168 copia
823 1090 882 1147 aut
905 1083 1077 1148 mediocri·

162 1191 233 1249 tate
251 1185 455 1270 prudentiae.
501 1185 619 1271 Longe
641 1194 754 1251 autem
770 1194 846 1271 post
861 1194 957 1252 natos
973 1188 1077 1251 homi·

163 1311 223 1357 nes
238 1291 504 1374 improbissimus
526 1291 562 1355 C.
582 1291 740 1356 Servilius
759 1293 901 1357 Glaucia
923 1293 981 1357 sed
1005 1314 1077 1378 per·

162 1402 284 1459 acutus
308 1401 342 1459 et
361 1395 499 1459 callidus
520 1417 598 1459 cum
624 1397 804 1481 primisque
826 1397 994 1461 ridiculus.
1041 1397 1075 1461 Is

164 1520 206 1564 ex
228 1500 371 1563 summis
390 1506 424 1563 et
443 1498 597 1565 fortunae
613 1507 648 1564 et
662 1503 750 1565 vitae
767 1501 917 1565 sordibus
932 1504 967 1566 in
986 1522 1078 1587 prae·
1132 1585 1136 1594 1

162 1610 239 1668 tura
262 1604 380 1668 consul
401 1602 509 1669 sactus
532 1611 627 1684 esset,
644 1607 672 1669 si
693 1607 854 1670 rationem
872 1606 943 1691 ejus
967 1607 1078 1670 haberi

162 1709 261 1773 licere
282 1709 471 1793 judicatum
496 1717 600 1774 esset:
623 1731 703 1774 nam
726 1717 760 1774 et
782 1711 911 1795 plebem
933 1714 1078 1791 tenebat,
1111 1745 1114 1756 ·

163 1821 200 1879 et
222 1821 408 1897 equestrem
425 1815 573 1879 ordinem
595 1813 755 1878 beneficio
773 1814 856 1900 legis
878 1815 1077 1880 devinxerat

166 1918 201 1984 Is
227 1927 358 2004 praetor
381 1920 499 1983 eodem
522 1921 586 1999 die,
609 1940 677 2002 quo
704 1918 904 1983 Saturninus
925 1921 1078 1984 tribunus

164 2024 281 2110 plebis,
310 2023 419 2088 Mario
446 2030 481 2088 et
507 2023 629 2088 Flacco
653 2024 845 2088 consulibus
871 2024 1002 2109 publice
1028 2030 1079 2089 est

162 2128 376 2209 interlectus;
399 2131 500 2193 homo
516 2129 704 2193 simillimus
723 2129 935 2193 Atheniensis
952 2128 1080 2214 Hyper·

162 2236 242 2314 boli,
270 2235 366 2318 eujus
390 2234 637 2319 improbitatem
661 2240 786 2298 veteres
812 2234 999 2298 Atticorum
1024 2255 1078 2297 eo·

164 2340 320 2405 moediae
332 2344 539 2403 notaverunt.
577 2338 651 2403 225.
678 2339 774 2416 Quos
789 2337 864 2402 Sex.
880 2339 989 2403 Titius
1002 2360 1080 2403 con·

164 2452 312 2524 secutus,
337 2444 438 2507 homo
459 2443 581 2525 loquax
606 2449 744 2506 sancet
770 2444 850 2506 satis
875 2450 1001 2507 acutus
1019 2442 1078 2507 sed

163 2556 241 2614 tam
264 2549 392 2612 solutus
408 2554 443 2611 et
456 2547 565 2611 mollis
587 2548 621 2610 in
646 2553 752 2632 gestu,
769 2553 806 2610 ut
824 2547 957 2610 saltatio
979 2569 1078 2630 quae-

165 2655 247 2721 dam
282 2659 478 2733 nasceretur‚
515 2653 572 2717 cui
603 2652 774 2716 saltationi
810 2651 920 2715 Titius
953 2672 1078 2716 nomen

165 2766 263 2825 esset
309 2761 361 2824 lta
383 2759 568 2823 carendum
591 2764 708 2836 estne
724 2756 804 2840 quid
827 2757 861 2820 in
878 2756 1008 2842 agendo
1031 2756 1078 2820 di·

164 2865 314 2930 cendove
336 2862 449 2942 saclas,
469 2864 564 2948 eujus
585 2863 731 2925 imitatio
752 2861 905 2925 rideatur.
951 2860 1078 2924 LXIIL

167 2971 237 3036 Sed
250 2970 293 3034 ad
306 2968 419 3054 paullo
432 2968 631 3054 superiorem
649 2972 793 3030 aetatem
806 2965 927 3029 revecti
942 2985 1077 3031 sumus:

165 3098 257 3142 nunc
280 3075 324 3138 ad
347 3094 433 3155 eam,
448 3074 489 3137 de
509 3093 577 3156 qua
597 3071 807 3154 aliquantum
827 3069 931 3132 locuti
952 3088 1079 3149 sumus,

163 3187 375 3246 revertamur.
454 3209 457 3216 ⁴
661 3183 663 3188 ’
858 3253 862 3261 ,
912 3185 940 3216 ⁵

211 3286 285 3350 226.
312 3284 520 3369 Conjunctus
540 3281 642 3366 igitur
666 3277 805 3364 Sulpicii
826 3275 928 3341 aetati
952 3276 988 3340 P.
1012 3278 1079 3342 An·

164 3391 280 3472 tistius
306 3387 379 3469 suit,
404 3387 521 3452 rabula
545 3407 625 3450 sane
652 3384 838 3470 probabilis,
867 3383 925 3468 qui
955 3382 1079 3448 multos

167 3517 247 3561 cum
269 3494 431 3559 tacuisset
453 3513 558 3557 annos
573 3512 681 3575 neque
697 3489 867 3555 contemni
889 3487 998 3553 solum
1020 3489 1080 3556 sed
