2542 4117
401 351 537 398 saurus.
581 353 652 397 oar.
676 349 782 397 axvrr.
998 326 1042 394 89

123 513 207 572 ante
223 506 366 588 fuerunt,
380 507 516 573 Graecis
528 506 685 571 doctrinis
700 505 848 570 eruditus
861 505 934 570 fuit
972 504 1042 570 Ha·

123 613 202 676 buit
230 636 252 678 a
277 621 396 679 natura
425 635 531 699 genus
555 612 724 696 quoddam
750 612 924 690 acuminis,
949 610 1040 694 quod

125 718 234 781 etiam
256 724 326 782 arte
347 719 529 797 limaverat,
544 716 636 801 quod
658 724 729 780 erat
750 718 786 780 in
807 716 1042 802 reprehenden-

124 821 179 886 dis
203 825 311 888 verbis
332 830 501 888 versutum
525 829 559 887 et
579 822 691 886 sollers
713 822 771 886 sed
794 843 894 906 saepe
918 829 1041 885 stoma·

124 928 271 992 chosum
294 949 535 1011 nonnunquam
560 927 718 1013 frigidum
743 927 910 992 interdum
937 928 1040 991 etiam

124 1029 287 1096 facetum.
326 1034 358 1097 Is
369 1033 515 1097 laborem
528 1034 628 1116 quasi
643 1053 777 1097 cursum
792 1031 956 1096 sorensem
968 1032 1041 1097 diu·

123 1136 196 1200 tius
219 1159 289 1201 non
311 1138 397 1217 tulit,
420 1137 511 1222 quod
537 1143 571 1201 et
595 1158 728 1221 corpore
751 1143 822 1201 erat
842 1134 984 1216 infirmo,
1006 1141 1041 1200 et

124 1241 306 1306 hominum
324 1244 468 1328 ineptias
484 1264 524 1306 ac
539 1243 708 1321 stultitias,
723 1263 811 1325 quae
832 1241 1040 1307 devorandae

123 1348 225 1410 nobis
249 1353 336 1428 sunt,
352 1369 419 1412 non
440 1346 565 1411 serebat
584 1346 841 1430 iracundiasque
864 1349 1041 1432 respuebat

123 1452 197 1515 sive
213 1473 354 1532 morose,
367 1458 407 1516 ut
422 1455 611 1538 putabatur,
627 1453 696 1516 sive
710 1454 857 1539 ingenuo
871 1453 1040 1535 liberoque

123 1554 272 1620 fastidio.
318 1557 351 1621 Is
373 1578 450 1621 curn
471 1558 552 1621 satis
575 1556 740 1622 floruisset
762 1558 963 1637 adolescens,
979 1558 1040 1621 mi·

124 1681 187 1725 nor
208 1663 322 1725 haberi
348 1669 399 1727 est
420 1669 559 1748 coeptus
582 1668 717 1748 postea:
740 1662 860 1727 deinde
881 1683 922 1725 ex
943 1662 1040 1748 virgi·

124 1785 209 1831 num
229 1767 358 1852 judicio
379 1789 540 1854 magnam
555 1768 690 1832 laudern
705 1773 757 1831 est
779 1767 931 1851 adeptus,
945 1774 979 1831 et
998 1788 1039 1830 ex

124 1893 168 1936 eo
191 1878 339 1957 tempore
355 1874 452 1957 quasi
472 1878 647 1937 revocatus
661 1873 697 1935 in
713 1892 846 1936 cursum
860 1872 970 1935 tenuit
993 1870 1040 1934 lo·

125 1998 204 2041 cum
220 1984 291 2041 tam
307 1978 375 2057 diu,
390 1999 493 2061 quarn
508 1977 590 2042 ferre
606 1978 717 2063 potuit
734 1976 900 2040 laborem:
922 1981 1040 2061 postea

124 2088 292 2165 quantum
318 2083 459 2147 detraxit
481 2104 522 2146 ex
549 2083 671 2161 studio,
696 2088 831 2146 tantum
855 2081 969 2144 amisit
997 2101 1039 2144 ex

124 2187 239 2272 gloria.
282 2187 357 2251 237.
389 2187 425 2251 P.
455 2187 596 2252 Murena
626 2186 785 2251 mediocri
813 2186 949 2272 ingenio
980 2185 1040 2252 sed

123 2312 254 2377 magno
270 2293 382 2357 studio
393 2313 501 2356 rerum
517 2298 664 2356 veterum
680 2292 848 2356 literarum
864 2297 898 2355 et
913 2291 1040 2356 studio·

124 2417 183 2460 sus
198 2403 234 2460 et
248 2418 314 2461 non
331 2397 503 2482 imperitus
521 2396 647 2461 multae
665 2396 846 2461 industriae
868 2403 903 2459 et
922 2397 1040 2482 magni

123 2501 248 2565 laboris
269 2503 342 2566 fuit.
387 2502 425 2566 O.
451 2502 653 2565 Censorinus
676 2501 812 2565 Graecis
834 2501 935 2565 literis
957 2503 1039 2565 satis

124 2606 254 2685 doctus,
269 2605 360 2690 quod
380 2612 605 2692 proposuerat,
620 2606 788 2690 explicans
803 2606 955 2689 expedite
970 2627 1038 2671 non

123 2710 322 2775 invenustus
345 2718 437 2775 actor
457 2712 515 2775 sed
537 2712 624 2775 iners
646 2717 681 2775 et
702 2711 858 2774 inimicus
882 2709 951 2774 lori.
996 2711 1037 2775 L.

126 2814 250 2879 'I'urius
273 2837 373 2901 parvo
395 2816 530 2902 ingenio
553 2816 612 2880 sed
634 2815 742 2879 multo
763 2815 884 2891 labore,
901 2836 1037 2899 quoquo

124 2921 226 2985 modo
250 2927 387 3006 poterat,
402 2942 503 3006 saepe
524 2921 666 2985 dicebat.
711 2921 830 3004 Itaque
852 2922 884 2984 ei
908 2943 1037 3005 paucae

124 3027 292 3089 centuriae
326 3025 370 3090 ad
403 3026 615 3090 consulatum
649 3026 834 3090 defuerunt
888 3025 962 3089 238.
997 3025 1035 3089 C.
1135 3107 1138 3116 ,

126 3130 240 3195 Macer
262 3131 460 3195 auctoritate
482 3152 612 3216 semper
635 3132 739 3215 eguit,
760 3129 818 3194 sed
840 3129 904 3193 suit
930 3134 1037 3214 patro·
1096 3195 1098 3202 ,
1134 3121 1139 3134 ’

123 3256 187 3299 nus
203 3235 447 3320 propemodum
462 3235 747 3321 diligentissimus.
794 3234 903 3319 Hujus
919 3235 947 3298 si
966 3235 1035 3299 vita
1076 3277 1081 3288 ·

123 3339 152 3403 si
167 3360 276 3402 mores
293 3335 321 3403 si
338 3339 447 3403 vultus
462 3340 604 3423 denique
627 3360 695 3402 non
714 3360 849 3403 omnem
865 3359 1036 3404 commen·

124 3443 295 3507 dationem
318 3443 443 3530 ingenii
465 3450 631 3524 everteret,
647 3444 756 3529 majus
778 3465 900 3507 nomen
920 3444 954 3507 in
978 3464 1035 3528 pa·

123 3549 227 3614 tronis
257 3546 383 3614 suisset
439 3549 518 3614 Non
545 3556 615 3614 erat
641 3548 817 3614 abundans
843 3569 912 3613 non
937 3549 1036 3637 inops

631 3726 638 3760 t
