2542 4117
419 309 555 356 usuros.
599 312 671 355 css.
693 312 788 356 xxm.
1013 290 1057 357 35

143 463 349 529 domesticas
371 462 582 550 disciplinas:
605 486 684 530 nam
699 470 823 529 etcum
845 485 978 530 summo
999 464 1057 530 illo

143 576 274 633 oratore
301 569 372 634 Ser.
399 570 522 649 Galba,
547 571 642 655 cujus
670 571 707 634 C.
733 568 802 633 filio
827 568 930 634 filiam
960 591 1058 635 snam

143 674 373 754 collocaverat,
399 673 562 740 affinitate
591 696 664 739 sese
687 675 895 757 devinxeram
920 682 1056 742 etcum

136 785 236 844 'esset
258 779 294 843 P.
312 779 418 844 Mucii
430 779 527 860 filius,
542 779 741 865 fratremme
756 780 891 844 baberet
906 781 942 844 P.
959 780 1058 846 Scae·

145 883 270 964 uolam,
299 884 394 948 domi
420 885 475 970 jus
499 885 595 949 civile
624 890 835 971 cognoverat
881 885 919 950 In
945 906 985 950 eo
1009 888 1059 951 in·

106 1043 117 1085 ἰ
146 988 311 1053 dustriam
326 996 468 1080 ,constat
490 1011 660 1054 summam
683 988 785 1054 fnime
806 991 1059 1074 maximamque

120 1070 397 1180 ''gratiam‘cum
418 1101 452 1160 et
473 1095 696 1159 consuleretur
717 1094 895 1178 plurimum
918 1101 953 1159 et
972 1096 1061 1160 dice·

145 1205 207 1262 ret
251 1198 303 1262 99.
326 1198 457 1263 Hcmm
473 1200 639 1264 amafibus
655 1199 804 1284 adjuncti
826 1199 895 1264 duo
913 1201 952 1264 C.
972 1200 1060 1264 Fan·

146 1303 207 1382 nii,
226 1303 263 1367 G.
278 1309 312 1367 et
329 1303 375 1367 M.
391 1302 459 1383 filii,
474 1302 623 1384 suerunt,
638 1325 780 1387 quorum
799 1304 874 1368 Caii
887 1303 984 1385 filius,
999 1306 1058 1389 qui

146 1408 266 1472 consul
292 1429 370 1472 cum
396 1408 547 1473 Domitio
576 1406 649 1489 fnit,
670 1430 774 1473 unam
801 1411 987 1474 orationem
1016 1411 1059 1475 de

147 1513 249 1577 sociis
270 1518 304 1576 et
329 1514 464 1604 nomine
492 1512 615 1577 Latino
638 1520 752 1578 contra
779 1513 968 1580 Gracchum
988 1514 1062 1579 reli·

147 1618 225 1701 quit
245 1638 326 1681 sane
344 1623 378 1682 et
399 1620 523 1681 bonam
545 1623 580 1682 et
602 1618 757 1682 nobilem.
804 1619 894 1683 Tum
918 1620 1060 1699 Atticus,

151 1721 248 1800 Quid
262 1721 363 1809 ergo?
386 1728 478 1786 estne
491 1723 564 1786 ista,
574 1722 720 1787 Fannii?
743 1743 823 1786 uam
838 1724 930 1787 varia
945 1724 1059 1809 opinio

147 1828 260 1914 pueris
283 1828 381 1892 uobis
402 1834 489 1909 erat,
511 1828 569 1891 clii
594 1850 616 1891 a
642 1828 679 1891 C.
706 1827 828 1907 Persio,
851 1828 980 1892 literato
1003 1828 1062 1892 ho·

148 1934 252 2013 mine,
268 1934 423 2019 scriptam
439 1954 511 1997 esse
533 1935 679 2011 aiebant,
693 1932 760 2010 illo,
779 1953 880 2014 quem
896 1930 1063 2017 significat

147 2037 248 2103 valde
270 2039 406 2103 doctum
423 2060 495 2103 esse
512 2038 680 2104 Lucilius:
703 2036 763 2100 alii
783 2036 907 2101 multos
925 2036 1061 2118 nobiles,

148 2143 242 2228 quod
264 2144 405 2227 quisque
427 2144 600 2228 potuisset,
614 2143 651 2206 in
670 2142 762 2206 illam
777 2142 963 2206 orationem
985 2163 1063 2206 con-

146 2247 276 2315 tulisse
320 2248 393 2313 100.
419 2248 510 2313 Tum
524 2269 597 2334 ego,
615 2246 739 2311 Audivi
754 2246 908 2330 equidem
923 2248 998 2327 ista,
1012 2247 1062 2311 in·

148 2374 265 2437 quam,
280 2354 322 2417 de
344 2354 524 2439 majoribus
539 2358 632 2431 natu,
648 2351 707 2415 sed
721 2372 895 2433 uunquam
911 2373 987 2416 sum
1002 2352 1063 2415 ad·

148 2459 282 2538 ductus,
293 2464 333 2523 ut
346 2458 527 2539 crederem,
542 2478 685 2541 eamque
696 2455 920 2541 suspicionem
931 2462 1064 2542 propter

149 2564 240 2629 hanc
258 2584 396 2628 cansam
416 2563 512 2627 credo
528 2561 639 2641 fuisse,
654 2560 745 2645 quod
764 2559 915 2624 Fannius
934 2561 971 2623 in
993 2581 1062 2625 me-

147 2668 317 2733 diocribus
339 2669 523 2732 oratoribus
546 2666 680 2732 habitus
702 2670 799 2743 esset,
817 2664 922 2728 oratio
945 2670 1061 2729 autem

149 2773 206 2837 vel
227 2774 357 2859 optima
370 2780 459 2838 esset
478 2772 535 2836 illo
550 2771 688 2855 quidem
709 2775 859 2853 tempore
872 2770 1062 2834 orationum

150 2879 315 2943 omnium.
360 2878 429 2942 Sed
451 2899 512 2942 nec
535 2875 700 2961 ejusmodi
724 2880 784 2953 est,
806 2880 846 2939 ut
869 2895 892 2938 s
914 2874 1063 2959 pluribus

150 2982 293 3049 confusa
315 2983 466 3048 videatur
496 2983 598 3070 (unus
627 2982 717 3045 euim
747 3000 849 3044 sonus
878 2985 930 3043 est
958 2978 1063 3042 totius

151 3090 312 3154 matonis
327 3095 362 3153 et
375 3089 464 3153 idem
480 3087 602 3174 stilus),
618 3107 679 3149 nec
694 3085 736 3149 de
752 3084 863 3149 Persio
877 3083 1064 3147 reticuisset

154 3193 340 3274 Gracchus,
361 3214 438 3257 cum
465 3198 500 3256 et
524 3191 675 3257 Fannius
701 3189 743 3253 de
771 3187 926 3253 Menelao
954 3187 1065 3253 Mara·

150 3299 256 3365 theno
281 3298 382 3363 etde
408 3297 523 3362 ceteris
554 3297 739 3382 objecisset,
763 3293 954 3380 praesertim
985 3314 1064 3359 cum

154 3404 309 3471 Fannius
333 3424 504 3487 nunquam
528 3404 571 3467 sit
592 3403 725 3466 habitus
746 3401 908 3486 elinguis:
930 3420 1009 3464 nam
1032 3405 1067 3465 et

154 3530 276 3575 causeo
297 3508 517 3590 defensitavit,
532 3513 567 3573 et
587 3508 776 3573 tribunatus
792 3506 864 3591 ejus
879 3504 1011 3570 arbitrio
1033 3512 1068 3571 ct
