2542 4117
215 311 262 378 38
477 333 612 378 murus.
657 335 727 379 car.
747 331 865 378 xxvm.

216 486 306 551 dicia
332 486 458 572 populi,
483 488 604 571 quibus
632 488 746 553 aderat
776 488 892 564 Carbo,
913 485 983 570 jam
1008 482 1115 567 magis

84 577 88 604 ¹
216 598 395 677 patronum
407 592 639 657 desiderabant
650 593 772 658 tabella
787 592 884 656 data:
899 610 998 674 quam
1009 588 1116 672 legem

217 695 258 762 L.
277 696 416 761 Cassius
433 696 562 782 Lepido
576 703 611 760 et
628 698 785 762 Mancino
800 694 986 761 consulibus
999 691 1081 755 tulit.

264 801 430 866 xanL
473 802 547 866 107.
575 802 695 867 Vester
719 803 822 866 etiam
851 800 893 865 D.
923 798 1044 863 Brutus
1070 794 1118 860 M.

215 905 315 986 filius,
342 911 381 971 ut
403 927 443 971 ex
468 905 624 971 familiari
651 908 722 993 ejus
745 907 783 971 1.
808 906 902 970 Attio
923 906 1019 989 polita
1041 922 1118 965 sum

215 1012 331 1076 audire
353 1011 481 1092 solitus,
510 1018 545 1076 et
565 1011 674 1076 dicere
695 1033 761 1076 non
783 1009 906 1074 inculte
927 1009 1058 1086 solebat.
1083 1011 1120 1069 et

213 1123 287 1180 erat
311 1137 391 1181 cum
413 1116 515 1180 literis
543 1116 675 1180 Latinis
696 1122 770 1180 tum
796 1116 897 1179 etiam
925 1113 1058 1177 Graecis
1079 1115 1120 1173 ut

214 1221 419 1306 temporibus
441 1220 506 1285 illis
529 1221 688 1285 eruditus.
735 1220 832 1299 Quae
847 1220 1009 1283 tribuebat
1029 1216 1118 1280 idem

218 1325 332 1390 Attius
353 1326 456 1389 etiam
482 1324 525 1403 Q.
550 1325 711 1405 Maximo,
739 1325 777 1390 1.
802 1324 910 1388 Paulli
933 1323 1061 1409 nepoti:
1084 1325 1120 1383 et

214 1449 292 1492 ¹sero
314 1435 392 1493 ante
417 1428 607 1494 Maximum
621 1430 715 1494 illum
737 1430 936 1515 Scipionem,
951 1450 1016 1512 quo
1036 1427 1119 1490 duce
1192 1451 1201 1464 ·

215 1533 345 1619 privato
362 1533 413 1598 Ti
432 1535 603 1599 Gracchus
618 1537 748 1600 occisus
764 1541 859 1614 esset,
874 1555 951 1598 curn
967 1533 1119 1597 omnibus

214 1639 249 1704 in
276 1641 374 1704 rebus
399 1640 631 1705 vehementem
653 1647 727 1705 tum
749 1662 859 1705 acrem
881 1641 990 1703 aiebat
1013 1638 1049 1701 in
1073 1635 1120 1698 di·

214 1745 321 1811 cendo
343 1745 456 1811 luisse.
500 1746 573 1811 108.
598 1746 688 1810 Tum
710 1747 815 1810 etiam
832 1744 868 1809 P.
885 1743 1046 1809 Lentulus
1066 1739 1118 1803 ille

215 1852 377 1938 princeps,
392 1852 436 1916 ad
457 1873 528 1916 reru
549 1851 718 1936 publicam
741 1850 907 1914 duntaxat
927 1848 1016 1932 quod
1037 1866 1117 1930 opus

215 1962 312 2035 esset,
328 1957 409 2019 satis
426 1956 582 2019 habuisse
598 1954 808 2038 eloquentiae
823 1954 950 2049 dicitur.
987 1951 1117 2016 Iisdem·

215 2081 281 2143 que
308 2060 512 2143 temporibus
541 2059 579 2123 L.
604 2059 727 2124 Furius
751 2060 865 2124 Philus
891 2060 1030 2144 perbene
1057 2055 1118 2119 Ia·

211 2166 284 2230 tine
306 2163 398 2246 loqui
422 2166 602 2247 putabatur
626 2165 854 2249 literatiusque
880 2185 982 2249 quam
1008 2162 1119 2240 eeteri;

217 2267 252 2332 P.
285 2267 446 2331 Scaevola
476 2266 572 2330 valde
605 2270 780 2354 prudenter
810 2275 844 2332 et
876 2275 982 2347 acute,
1012 2266 1119 2353 paullo

214 2372 319 2436 etiam
339 2371 523 2455 copiosius;
546 2393 607 2436 nec
622 2374 729 2437 multo
745 2375 855 2437 minus
871 2373 1044 2458 prudenter
1067 2370 1119 2434 Μ]

217 2474 385 2541 Manilius.
425 2475 527 2560 Appii
547 2476 679 2539 Claudii
695 2478 848 2542 volubilis
863 2479 920 2541 sed
935 2478 1045 2563 paullo
1065 2474 1121 2539 ler-

214 2579 320 2643 vidior
345 2585 416 2642 erat
437 2580 552 2643 oratio.
597 2581 638 2644 In
661 2580 775 2664 aliquo
796 2603 934 2646 numero
950 2583 1050 2645 etiarn
1075 2578 1120 2642 M.

216 2684 355 2748 Fulvius
387 2683 528 2748 Flaccus
558 2690 592 2747 et
626 2684 664 2748 C.
699 2685 794 2765 Cato,
828 2687 975 2750 Africani
1006 2684 1121 2748 sororis

213 2787 311 2867 filius,
327 2788 507 2851 mediocres
523 2793 686 2869 oratores;
701 2792 764 2854 etsi
781 2790 891 2855 Flacci
907 2792 1027 2876 scripta
1045 2793 1123 2852 sunt

214 2892 272 2958 sed
288 2899 327 2956 ut
342 2891 483 2955 studiosi
496 2891 674 2955 literarum.
713 2894 827 2958 Flacci
843 2901 954 2958 autem
971 2893 1122 2957 aemulus
1255 2947 1256 2960 .

216 3001 252 3067 Ρ.
268 3001 391 3066 Decius
405 2999 478 3079 luit,
494 3021 561 3063 non
577 2998 688 3063 infans
701 3000 755 3064 ille
771 3002 906 3083 quidem
922 3001 978 3065 sed
995 3007 1034 3065 ut
1053 3000 1123 3063 vita

212 3108 261 3170 sic
276 3107 424 3170 oratione
440 3106 542 3169 etiam
556 3104 774 3168 turbulentus.
818 3105 891 3169 109.
916 3105 962 3170 M.
985 3105 1123 3183 Drusus,

217 3210 255 3272 C.
280 3211 329 3289 F„
347 3211 406 3293 qni
426 3211 459 3273 in
483 3211 655 3272 tribunatu
685 3208 722 3271 O.
750 3209 939 3273 Gracchum
960 3210 1122 3294 collegam

127 3329 129 3338 ’
205 3312 334 3375 'iterum
356 3313 525 3375 tribunum
548 3310 654 3395 fregit,
669 3312 716 3374 vir
738 3319 772 3376 et
792 3314 938 3377 oratione
961 3315 1068 3399 gravis
1089 3318 1124 3375 et

213 3416 428 3493 auctoritate;
451 3414 545 3495 eique
566 3415 715 3497 proxime
737 3416 913 3500 adjunctus
934 3419 971 3481 C.
994 3417 1123 3481 Drusus

213 3515 311 3581 irater
331 3516 404 3582 suit.
450 3517 545 3580 Tuus
563 3517 666 3580 etiam
688 3520 830 3603 gentilia,
846 3520 958 3601 Brute,
976 3521 1023 3585 M.
1039 3520 1123 3584 Pen-
