2542 4117
403 305 539 349 saurus.
586 307 655 348 cnr.
679 305 763 349 xxrr.
991 281 1035 349 29

116 461 299 539 ambobus,
314 458 446 524 dicendi
468 465 583 523 tamen
602 458 676 522 laus
695 463 747 521 est
767 458 803 522 in
827 458 945 523 Laelio
964 457 1035 523 illu·

116 566 226 629 strior.
272 565 319 628 At
341 565 446 628 oratio
471 563 578 627 Laelii
600 564 641 626 de
664 562 811 647 collegiis
834 584 900 626 non
921 564 1037 628 melior

116 691 226 753 quam
243 670 284 732 de
301 669 415 733 multis
431 690 533 752 quam
554 669 644 731 voles
670 667 857 752 Scipionis:
880 689 947 732 non
969 689 1037 752 quo

116 775 180 838 illa
208 774 315 838 Laelii
334 774 518 857 quidquam
535 774 578 836 sit
600 773 740 852 dulcius,
756 778 816 836 aut
837 794 904 856 quo
926 774 968 836 de
989 794 1037 836 re·

117 879 249 965 ligione
272 880 338 943 dici
360 879 466 963 possit
488 880 684 964 augustius3
712 878 771 942 sed
794 878 900 942 multo
922 884 1038 942 tamen

118 984 285 1048 vetustior
307 990 341 1046 et
366 983 522 1046 horridior
542 983 596 1046 ille
620 1005 723 1065 quam
749 983 881 1069 Scipi03
901 990 935 1047 et
959 1004 1038 1047 cum

121 1089 194 1151 sint
216 1088 252 1151 in
277 1086 417 1151 dicendo
433 1088 544 1150 variae
564 1086 762 1166 voluntates,
778 1087 932 1151 delectari
954 1087 1038 1152 mihi

122 1194 236 1277 magis
249 1193 446 1275 antiquitate
459 1192 589 1256 videtur
604 1198 638 1255 et
652 1192 801 1256 lubenter
815 1195 921 1256 verbis
936 1194 1039 1257 etiam

122 1299 178 1361 uti
204 1297 316 1382 paullo
346 1298 454 1382 magis
484 1298 596 1381 priscis
625 1296 770 1360 Laelius.
814 1297 866 1361 84.
892 1298 959 1362 Sed
989 1304 1041 1362 est

123 1424 203 1467 mos
224 1402 409 1480 hominum,
425 1408 463 1464 ut
481 1402 587 1465 nolint
610 1401 754 1465 eundem
776 1402 923 1487 pluribus
942 1406 1040 1467 rebus

126 1506 292 1570 excellere.
340 1507 431 1570 Nam
448 1513 486 1568 ut
501 1528 541 1568 ex
557 1506 673 1569 bellica
689 1506 789 1570 laude
810 1508 976 1593 adspirare
997 1507 1041 1572 ad

129 1610 326 1677 Africanum
353 1632 453 1674 nemo
480 1618 599 1695 potest,
622 1612 657 1674 in
681 1633 749 1694 qua
769 1613 844 1696 ipsa
870 1614 1040 1698 egregium

130 1714 430 1804 Viriathieobello
456 1717 637 1800 reperimus
664 1715 765 1779 luisse
794 1717 966 1798 Laelium3
993 1720 1041 1782 sio

127 1822 257 1906 ingenii
275 1803 442 1884 literarum
463 1820 672 1902 eloquentiae
693 1822 875 1905 sapientiae
898 1822 1041 1906 denique

129 1928 195 1991 etsi
219 1927 349 2008 utrique
370 1926 503 2009 primas,
519 1926 640 2009 priores
662 1931 776 1988 tamen
798 1925 935 1989 libenter
957 1926 1014 1989 del
1030 1962 1043 1977 ·

128 2037 210 2097 runt
232 2031 358 2094 Laelio.
405 2031 476 2094 Neo
491 2031 572 2094 mihi
588 2037 771 2094 ceterorum
790 2032 917 2115 judicio
933 2033 1042 2097 solum

129 2136 263 2199 videtur
285 2136 342 2199 sed
366 2136 470 2199 etiarn
492 2135 640 2220 ipsorum
662 2137 747 2199 inter
768 2137 858 2222 ipsos
882 2159 1044 2203 concessu

129 2253 181 2316 ita
202 2252 365 2315 tributum
387 2249 499 2314 luisse.
545 2249 598 2313 85.
625 2250 708 2313 Erat
728 2253 865 2315 omnino
879 2258 954 2332 tum
967 2274 1044 2330 mos

130 2363 172 2422 ut
187 2357 222 2419 in
237 2355 370 2438 reliquis
386 2357 483 2418 rebus
505 2354 620 2418 melior
635 2356 732 2419 sicin
748 2357 811 2420 hoc
830 2358 904 2443 ipso
928 2341 1047 2423 humass
1093 2391 1100 2402 r

121 2462 231 2551 Μ
241 2467 280 2523 ut
301 2458 413 2524 faciles
429 2466 539 2523 essent
553 2460 587 2522 in
604 2481 704 2523 suurn
720 2462 840 2544 cuique
862 2464 1046 2527 tribuendo.

135 2566 249 2631 XXII.
275 2564 439 2628 Memoria
453 2571 552 2627 teneo
572 2564 733 2650 Smyrnae
746 2588 800 2629 me
813 2588 853 2629 ex
870 2567 906 2630 P.
919 2567 1046 2632 Rutilio

136 2670 227 2736 Ruso
251 2670 395 2749 audisse,
411 2690 489 2732 cum
506 2669 628 2732 diceret
651 2669 896 2734 adolescentulo
912 2694 947 2735 se
964 2673 1047 2736 acci·

135 2777 235 2855 disse,
257 2780 296 2838 ut
325 2796 365 2838 ex
396 2781 531 2838 senatus
556 2773 707 2838 consulto
740 2774 776 2839 P.
808 2775 922 2862 Scipio
946 2784 980 2841 et
1006 2777 1047 2842 D.

137 2882 273 2960 Brutus,
288 2887 327 2944 ut
349 2880 473 2964 opinor,
489 2879 642 2943 eonsules
665 2880 706 2943 de
727 2901 761 2943 re
783 2884 885 2945 atroci
908 2903 1048 2967 magna·

136 3005 204 3069 que
230 2987 433 3067 quaererent.
480 2982 570 3046 Nam
595 3003 674 3045 oum
699 2983 735 3045 in
758 2983 841 3046 silva
866 2983 938 3047 Sila
958 2984 1049 3047 facta

136 3088 258 3154 caedes
281 3092 376 3166 esset,
392 3087 527 3169 notique
551 3087 702 3149 homines
724 3085 895 3166 interlecti,
909 3087 1049 3152 insimu-

37 3252 41 3257 ,
136 3195 327 3275 lateturque
350 3190 489 3270 familia,
504 3192 624 3275 partim
641 3191 745 3253 etiarn
767 3190 859 3255 liberi
882 3194 1049 3258 societatis

138 3300 222 3384 ejus,
237 3318 324 3381 quae
348 3296 490 3381 picarias
511 3296 553 3358 de
578 3295 612 3358 P.
643 3295 796 3359 Cornelio
818 3297 857 3360 L.
883 3298 1050 3363 Mummio

138 3403 331 3468 censoribus
354 3400 555 3479 redemisset,
571 3399 754 3464 decrevisse
770 3409 933 3483 senatum,
948 3410 987 3466 ut
1009 3404 1051 3467 de

140 3530 183 3573 ea
206 3530 239 3573 re
263 3511 499 3593 cognoscerent
525 3511 558 3570 et
580 3511 768 3590 statuerunt
795 3508 955 3573 consules·
999 3509 1051 3575 86.
