2542 4117
412 348 548 394 saurus.
593 351 664 394 cnr.
687 351 817 396 nxxvrr.
1007 333 1070 399 101

148 499 303 584 jurisque
327 499 432 564 civilis
452 502 525 586 jam
549 524 570 568 a
594 510 686 589 patre
719 504 889 569 Aculeone
912 506 1069 571 traditam

151 606 267 669 tenuit
287 606 507 690 disciplinam.
551 608 625 672 265.
650 609 782 693 Reliqui
807 617 895 690 sunt,
910 614 968 695 qui
986 633 1071 676 mor·

151 711 206 774 tui
234 711 325 790 siat*
349 711 387 775 L.
406 712 607 795 Torquatus,
629 735 731 798 quern
753 721 793 779 tu
816 737 882 781 non
904 723 976 781 tam
1002 718 1070 780 cito

150 816 316 879 rhetorem
342 817 491 896 dixisses,
506 819 568 882 etsi
590 840 657 883 non
685 821 798 885 deerat
820 822 935 899 oratio,
955 841 1070 904 quam,

151 927 195 984 ut
212 921 334 985 Graeci
354 922 479 1001 dicunt,
494 930 635 985 πολιτικόν.
680 925 786 989 Erant
800 925 835 989 in
851 947 891 989 eo
907 925 1070 1010 plurimae

151 1025 270 1089 literae
294 1048 354 1089 nec
375 1048 435 1090 eae
451 1027 603 1113 vulgares
627 1029 687 1093 sed
707 1032 876 1094 interiores
899 1031 1068 1114 quaedam

153 1138 190 1196 et
208 1132 416 1213 reconditae;
439 1133 553 1197 divina
568 1137 730 1199 memoria
746 1157 881 1200 summa
896 1138 1068 1202 verborum

154 1242 192 1299 et
211 1238 357 1321 gravitas
372 1244 406 1300 et
426 1238 591 1323 elegantia
600 1260 612 1320 ς4
631 1248 732 1324 atque
748 1242 963 1305 haecomnia
978 1243 1069 1305 vitae

154 1340 334 1405 decorabat
348 1343 493 1427 gravitas
509 1349 543 1407 et
557 1345 739 1429 integritas.
787 1346 844 1410 Me
859 1347 995 1429 quidem
1011 1346 1069 1410 ad·

153 1446 296 1510 modum
319 1446 507 1512 delectabat
528 1450 632 1513 etiam
663 1451 780 1515 'Ibiarii
807 1452 843 1515 in
872 1451 930 1515 illa
956 1458 1068 1516 aetate

153 1552 255 1637 plena
270 1552 420 1616 literatae
436 1556 616 1619 senectutis
632 1557 746 1620 oratio.
795 1555 936 1633 Quanta
951 1558 1068 1621 severi·

153 1663 208 1721 tas
231 1658 265 1721 in
288 1656 400 1721 vultu!
424 1666 588 1741 quantum
612 1660 745 1745 pondus
761 1661 794 1724 in
818 1661 941 1725 verbis!
964 1682 1068 1745 quam

153 1763 238 1826 nibil
254 1784 320 1828 non
333 1764 577 1828 consideratum
590 1766 702 1829 exibat
716 1786 757 1828 ex
770 1764 841 1829 ore!
878 1766 952 1830 266.
977 1767 1068 1830 Tum

154 1868 282 1933 Brutus
305 1869 467 1953 Torquati
489 1875 523 1933 et
545 1870 663 1933 Triarii
685 1871 854 1933 mentione
876 1876 1067 1935 commotus

155 1974 350 2058 (utrumque
384 1975 474 2038 enim
512 1995 627 2038 eornm
665 1974 848 2038 admodum
885 1975 1068 2059 dilexerat),

155 2078 233 2142 Nae
258 2100 332 2164 ego,
354 2079 473 2162 inquit,
496 2085 535 2143 ut
555 2080 710 2143 omittam
737 2085 855 2158 cetera,
879 2101 966 2163 quae
990 2086 1070 2146 sunt

151 2183 422 2264 innumerabilia,
437 2185 478 2248 de
501 2185 574 2248 istis
592 2185 725 2248 duobus
740 2206 816 2249 cum
834 2186 955 2270 cogite,
970 2185 1067 2250 doleo

152 2289 237 2353 nibil
259 2296 355 2353 tuam
379 2295 572 2374 perpetuam
597 2290 828 2354 auctoritatem
844 2290 886 2353 de
908 2312 989 2375 pace
1012 2312 1068 2355 va·

151 2394 274 2460 luisse:
296 2416 377 2459 nam
394 2415 455 2458 nec
469 2396 551 2459 istos
574 2394 769 2459 excellentes
791 2395 877 2459 viros
900 2417 961 2459 nec
984 2396 1068 2459 mul·

151 2505 206 2563 tos
223 2499 307 2563 alios
323 2505 526 2585 praestantes
541 2501 629 2563 cives
644 2522 695 2563 res
711 2499 844 2584 publica
863 2501 1067 2585 perdidisset.

155 2603 335 2681 Sileamus,
349 2606 498 2688 inquam,
515 2604 627 2685 Bmte,
650 2604 691 2667 de
713 2605 795 2683 istis,
816 2625 858 2668 ne
881 2626 1067 2689 augeamus

152 2708 321 2773 dolorem:
351 2730 430 2772 nam
460 2715 496 2773 et
524 2711 772 2794 praeteritorum
804 2708 985 2772 recordatio
1017 2715 1068 2773 est

152 2817 272 2877 acerba
295 2820 329 2877 et
350 2814 496 2877 acerbior
519 2815 724 2898 exspectatio
746 2814 954 2897 reliquorum.
1001 2814 1066 2877 lta-

152 2940 219 3002 que
242 2920 440 2982 omittamus
461 2920 583 3005 lugere,
599 2925 634 2982 et
655 2925 798 2997 tantum,
821 2919 902 3001 quid
925 2920 1065 3002 quisque

152 3023 297 3087 dicendo
316 3025 468 3108 potuerit,
483 3025 644 3107 quoniam
667 3023 702 3086 id
724 3025 924 3106 quaerimuS,
940 3023 1067 3108 praedi·

153 3149 278 3192 cemus.
327 3127 506 3192 LXXVII.
550 3127 623 3191 267.
650 3127 738 3191 Sunt
760 3129 865 3191 etiam
881 3149 920 3190 ex
940 3129 991 3206 iis,
1007 3129 1066 3210 qui

151 3235 273 3299 eodem
295 3235 383 3299 bello
406 3234 605 3311 occiderunt,
623 3231 669 3296 M.
688 3232 839 3313 Bibulus,
855 3234 913 3316 qui
935 3239 969 3297 et
990 3234 1066 3297 scri·

182 3410 196 3433 ⁹
215 3408 271 3458 One
283 3409 364 3457 codex
373 3407 418 3456 iras
426 3416 486 3466 runt,
494 3407 574 3456 which
582 3408 682 3456 Ernesti
693 3408 798 3471 adopted
809 3421 816 3465 3
827 3408 1016 3471 unnecessarily,
1025 3407 1066 3458 be·

152 3505 226 3540 cause
240 3490 329 3541 Cicero
345 3504 409 3553 says,
419 3490 445 3538 in
456 3504 472 3539 a
489 3489 629 3554 qualifyiug
640 3504 726 3540 sense:
750 3490 829 3539 “The
843 3499 893 3540 rest
906 3503 955 3550 are,
966 3489 980 3538 I
991 3504 1066 3540 mean

152 3573 224 3623 those
234 3572 293 3623 who
303 3586 346 3622 ara
357 3571 441 3622 desd.”
