2542 4117
429 325 565 370 saurus.
606 326 678 369 one.
700 326 782 369 xxv.
1015 305 1058 372 33

143 483 185 543 ut
201 484 236 542 et
255 479 395 543 incitata
410 484 445 543 et
459 479 570 565 gravis
587 484 621 542 et
635 479 815 543 vehemens
829 484 918 544 esset
933 482 1058 545 oratio:

145 583 225 647 dein
246 605 323 648 cum
346 584 474 648 otiosus
499 583 611 647 stilum
633 583 858 669 prehenderat,
878 591 1056 669 motusque

145 689 259 752 omnis
283 688 389 752 animi
417 694 591 772 tamquam
620 693 741 751 ventus
771 687 941 753 hominem
970 688 1058 753 des·

145 799 247 871 cerat,
262 792 478 857 flaccescebat
499 793 621 874 oratio;
644 792 734 876 quod
755 793 806 872 iis,
830 793 888 876 qui
908 793 1057 858 limatius

145 897 281 962 dicendi
306 903 537 962 consectantur
562 918 679 983 genus,
702 897 850 961 accidere
873 918 941 961 non
965 898 1059 979 solet,

145 1009 322 1089 propterea
342 1004 433 1087 quod
455 1002 631 1088 prudentia
656 1024 831 1087 nunquam
853 1003 966 1068 deficit
989 1026 1059 1069 ora·

144 1112 263 1187 torem,
278 1129 346 1191 qua
369 1108 423 1172 ifle
444 1115 543 1172 utens
566 1107 685 1171 eodem
707 1107 809 1172 modo
824 1110 932 1193 possit
953 1113 988 1173 et
1011 1110 1059 1173 di·

145 1234 220 1276 cere
244 1219 279 1277 et
300 1213 455 1292 scribere;
477 1212 572 1276 ardor
592 1212 700 1276 animi
722 1233 787 1277 non
804 1234 933 1298 semper
955 1213 1059 1294 adest,

144 1317 244 1400 isque
259 1338 337 1381 cum
351 1317 510 1396 consedit,
526 1317 635 1380 omnis
653 1316 711 1381 illa
725 1317 775 1401 vis
790 1323 825 1380 et
846 1319 943 1401 quasi
964 1318 1059 1382 llam·

145 1443 207 1487 ma
237 1423 373 1486 oratoris
402 1422 630 1507 exstinguitur.
675 1421 727 1485 94.
758 1421 856 1486 Hanc
885 1423 986 1508 igitur
1015 1425 1060 1487 ob

146 1548 288 1591 causam
317 1527 447 1591 videtur
478 1525 586 1589 Laelii
619 1546 715 1589 mens
745 1526 867 1610 spirare
893 1527 997 1591 etiam
1025 1528 1061 1591 in

147 1632 279 1717 scriptis
298 1631 426 1696 Galbae
442 1638 554 1694 autern
573 1631 622 1694 vis
638 1630 805 1694 occidisse.

195 1735 307 1800 XXV.
338 1735 490 1800 Fuerunt
518 1735 621 1799 etiarn
652 1734 689 1797 in
720 1739 889 1797 oratorum
922 1755 1059 1799 nurnero

146 1841 366 1907 mediocrium
390 1840 428 1903 1.
452 1846 487 1904 et
510 1838 568 1925 Sp.
593 1838 753 1903 Mummii
774 1839 899 1918 frates,
918 1860 1060 1921 quorum

149 1952 286 2010 exstant
307 1947 483 2009 amborum
500 1945 685 2008 orationes:
707 1942 847 2027 simplex
869 1944 1006 2027 quidem
1024 1944 1062 2007 1.

147 2058 186 2115 et
208 2051 376 2134 antiquus,
394 2050 452 2134 Sp.
468 2055 583 2113 autem
607 2047 710 2112 nihilo
731 2047 787 2112 ille
808 2048 943 2130 quidem
967 2069 1060 2113 orna·

146 2156 215 2220 tior
236 2155 292 2219 sed
314 2161 428 2219 tamen
451 2154 654 2217 adstrictior:
680 2152 745 2216 fnit
766 2153 856 2216 enirn
879 2152 998 2217 doctus
1019 2174 1060 2217 ex

147 2260 325 2345 disciplina
351 2259 549 2323 Stoicorum.
596 2255 724 2321 Multae
754 2262 833 2320 sunt
861 2256 919 2342 Sp.
947 2257 1060 2323 Albini

147 2366 326 2429 orationes.
383 2362 471 2427 Sunt
502 2362 604 2425 etiam
639 2360 678 2424 L.
712 2366 747 2424 et
779 2361 816 2424 C.
849 2361 1059 2427 Aureliorum

151 2470 361 2547 Orestarum,
376 2488 461 2551 qnos
484 2466 595 2549 aliquo
618 2464 715 2529 video
735 2466 771 2529 in
794 2487 932 2530 numero
954 2474 1061 2531 orato-

147 2596 227 2639 rum
253 2571 364 2637 fuisse.
417 2571 469 2636 95.
504 2570 540 2635 Ρ.
566 2571 670 2635 etiam
698 2570 858 2655 Popillius
879 2592 955 2635 curn
979 2574 1060 2636 civis

150 2682 303 2766 egregius
324 2685 399 2743 tum
414 2700 481 2742 non
502 2677 678 2741 indisertus
699 2676 773 2740 fuit.
814 2676 852 2739 Ο.
873 2697 958 2757 vero,
972 2676 1060 2743 filius

151 2786 235 2869 ejus,
260 2784 409 2848 disertus.
459 2783 627 2864 Gaiusque
653 2780 844 2845 Tuditanus
866 2802 944 2845 cum
968 2784 1061 2847 omni

149 2890 222 2953 vita
244 2894 345 2971 atque
366 2889 457 2952 victu
483 2886 634 2950 excultus
660 2891 762 2968 atque
786 2885 960 2970 expolitus,
986 2891 1058 2949 tum

149 2995 224 3079 ejus
243 2994 378 3079 elegans
400 2997 452 3056 est
474 2992 625 3054 habitum
643 2990 746 3053 etiarn
768 2989 925 3053 orationis
946 3011 1060 3074 genus.

151 3097 350 3180 Eodemque
372 3098 409 3160 in
428 3117 546 3182 genere
568 3099 620 3158 est
642 3094 775 3158 habitus
798 3093 836 3171 is,
858 3094 917 3175 qui
938 3094 1068 3186 injuria.

149 3209 290 3288 accepta
310 3203 408 3288 fregit
436 3202 487 3265 Ti.
515 3199 706 3264 Gracchum
729 3197 901 3282 patientia,
924 3197 1003 3261 civis
1025 3199 1061 3265 in

147 3299 249 3373 rebus
264 3308 399 3392 optimis
414 3304 714 3383 constantissimus,
732 3301 778 3366 M.
798 3302 969 3366 Octavius.
1015 3305 1062 3370 At

148 3434 229 3477 vero
253 3412 300 3477 NL
326 3411 490 3476 Aemilius
518 3408 676 3493 Lepidus,
698 3407 757 3490 qui
780 3413 831 3471 est
854 3406 994 3471 Porcina
1014 3410 1062 3473 di·

150 3524 236 3600 ctus,
255 3516 376 3582 iisdem
396 3515 600 3600 temporibus
622 3511 698 3594 fere,
721 3512 843 3596 quibus
868 3511 988 3593 Galba,
1003 3514 1062 3580 sed

490 3619 511 3683 3
