2542 4117
211 285 255 351 64
474 305 609 349 saurus.
655 305 726 347 err.
749 306 867 349 xcvuu

210 480 349 524 numero
362 479 429 521 non
443 457 476 520 in
494 462 662 521 oratorum
678 456 819 537 luerunt,
832 458 903 543 jam
920 458 964 523 ad
980 467 1130 524 oratores

208 569 420 627 revertamur.
468 562 607 641 Censeo,
622 563 733 644 inquit
757 564 909 627 Atticus:
932 564 1129 647 eloquentes

210 669 300 732 enirn
318 668 470 731 videbare
486 688 552 730 non
569 666 702 730 sedulos
717 666 800 731 velle
815 669 1014 751 conquirere.

255 772 421 839 XLVIII.
465 772 539 835 177.
570 771 767 835 Festivitate
793 774 894 858 igitur
924 780 957 837 et
986 771 1128 853 facetiis

207 881 358 963 inquam,
377 879 414 941 C.
428 877 539 941 Julius
556 877 595 940 L.
613 877 650 941 F.
666 884 700 941 et
715 880 937 962 superioribus
953 885 987 943 et
1002 901 1127 962 aequa·

208 982 296 1049 libus
320 984 389 1046 suis
416 982 571 1046 omnibus
595 983 759 1066 praestitit
781 989 956 1066 oratorquc
978 982 1042 1048 suit
1064 985 1127 1048 rui·

209 1092 300 1155 nime
324 1089 378 1153 ille
401 1087 537 1172 quidem
559 1087 748 1167 vehemens,
767 1088 827 1151 sed
848 1110 949 1153 nemo
972 1111 1126 1172 unquam

208 1196 397 1260 urbanitate
414 1214 513 1256 nemo
528 1191 636 1275 lepore
654 1213 753 1255 nemo
769 1194 935 1257 suavitate
951 1194 1126 1258 conditior.

212 1299 302 1364 Sunt
322 1299 393 1382 ejus
416 1296 544 1379 aliquot
566 1296 742 1376 orationes,
765 1318 806 1360 ex
828 1298 950 1379 quibus
974 1298 1061 1361 siout
1083 1320 1126 1362 ex

209 1403 360 1489 ejusdem
382 1401 562 1487 tragoediis
584 1400 705 1464 lenitas
729 1402 800 1488 ejus
823 1403 894 1465 sine
920 1404 1037 1476 nervia,
1054 1425 1126 1488 per·

209 1508 291 1594 spici
317 1512 436 1592 potest.
481 1504 553 1568 178.
580 1505 663 1588 Ejus
694 1505 843 1588 aequalis
875 1505 910 1568 P.
944 1506 1126 1592 Cethegus

208 1612 264 1677 cui
279 1612 319 1675 de
335 1633 368 1674 re
385 1609 517 1697 publica
530 1610 610 1672 satis
623 1610 859 1694 suppedItabat
874 1611 999 1674 oratio:
1014 1618 1124 1675 totam

207 1718 298 1781 enim
325 1718 461 1780 tenebat
486 1736 562 1778 eam
586 1715 785 1798 penitusque
810 1722 986 1800 cognorat:
1008 1716 1124 1799 itaque

207 1824 243 1888 in
270 1828 389 1887 senatu
410 1820 635 1884 consularium
663 1820 897 1883 auctoritatem
925 1823 1125 1903 assequeba-

206 1935 279 2009 tur;
302 1928 360 1992 sed
383 1928 418 1990 in
441 1926 551 1989 causis
568 1923 709 2008 publicis
726 1924 816 2003 nihil,
832 1925 867 1988 in
882 1926 1019 2009 privatis
1040 1928 1124 1991 satis

206 2041 369 2100 veterator
391 2032 571 2094 videbatur.
619 2030 702 2093 Erat
723 2031 759 2093 in
784 2031 919 2115 privatis
940 2032 1051 2096 causis
1079 2032 1123 2111 Q.

209 2139 384 2204 Lucretius
417 2134 567 2219 Vespillo
598 2140 632 2197 et
663 2142 783 2198 acutus
814 2140 848 2198 ct
873 2136 956 2219 juris
987 2138 1125 2221 peritus.

209 2244 299 2308 Nam
329 2239 438 2304 Ofella
464 2240 681 2318 concionibus
707 2240 816 2323 aptior
845 2262 950 2323 quam
976 2242 1124 2327 judiciis.

208 2346 358 2411 Prudens
389 2344 492 2406 etiam
531 2343 568 2405 T.
603 2344 735 2407 Annius
767 2343 891 2408 Velina
920 2350 954 2409 et
982 2347 1017 2410 in
1048 2348 1124 2431 ejus

206 2451 334 2537 generis
350 2449 460 2513 carreis
477 2454 585 2511 orator
601 2470 681 2511 sane
704 2448 892 2514 tolerabilia.
939 2451 977 2514 In
1001 2452 1123 2517 eodem

205 2577 323 2642 genere
355 2574 532 2618 causarum
567 2553 713 2616 multum
748 2560 818 2617 erat
857 2554 896 2617 Τ.
931 2555 1121 2637 Juvenum,

206 2662 306 2727 nimis
337 2660 390 2723 ille
420 2658 556 2742 quidem
584 2658 694 2723 lentus
720 2659 755 2723 in
782 2659 923 2723 dicendo
950 2666 984 2724 et
1013 2684 1121 2747 paene

204 2766 360 2852 frigidus3
377 2763 433 2828 sed
451 2769 485 2826 et
500 2761 640 2826 callidus
656 2770 689 2826 et
704 2764 739 2826 in
755 2765 918 2849 capiendo
934 2765 1121 2832 adversario

205 2877 357 2936 versutus
373 2875 407 2931 et
424 2873 590 2953 praeterea
605 2888 667 2930 nec
682 2868 837 2933 indoctus
852 2876 886 2933 et
901 2892 1027 2957 magua
1042 2894 1121 2936 oum

124 3015 127 3020 ,
202 2977 285 3063 juris
322 2974 426 3039 civilis
452 2971 680 3057 intelligentia.
737 2973 810 3037 179.
844 2974 949 3060 Cujus
987 2977 1121 3043 auditor

208 3083 245 3147 P.
271 3081 393 3146 Orbius
418 3100 514 3143 meus
544 3075 609 3140 fere
636 3078 785 3161 aequalis
814 3079 849 3141 in
880 3080 1021 3146 dicendo
1051 3105 1123 3148 non

206 3189 307 3253 nimis
332 3186 538 3263 exercitatus
564 3183 598 3244 in
626 3183 698 3267 jure
725 3190 839 3247 autern
862 3186 951 3249 civili
976 3208 1045 3251 non
1070 3189 1122 3253 in·

205 3292 303 3358 ferior
326 3311 429 3374 quam
456 3288 614 3372 magister
640 3286 713 3351 suit.
760 3289 849 3353 Narn
882 3289 921 3354 T.
954 3291 1121 3374 Aufidius,

205 3399 264 3481 qui
289 3396 371 3460 vixit
397 3393 439 3457 ad
467 3413 638 3458 summam
660 3400 876 3475 senectutem,
891 3394 1024 3460 volebat
1046 3420 1121 3463 esse

206 3502 322 3568 similis
346 3502 472 3578 horum,
488 3503 623 3581 eratque
646 3504 681 3562 et
703 3500 810 3563 bonus
832 3500 928 3564 viret
948 3501 1121 3583 innocens,
