2542 4117
209 284 273 351 120
497 303 633 349 sacrus
678 305 748 347 car.
771 305 822 348 xc.

209 460 301 524 omni
331 462 445 522 noctes
475 463 510 522 et
538 457 609 522 dies
643 458 676 522 in
709 458 860 522 omniurn
890 457 1125 521 doctrinarum

208 565 425 629 meditatione
454 566 613 627 versabar.
657 563 731 627 309.
756 563 858 627 Eram
888 584 966 626 curn
998 564 1126 627 Stoico

208 669 365 749 Diodoto,
380 670 438 753 qui
453 691 530 733 cum
547 670 762 734 habitavisset
783 669 873 753 apud
896 690 949 732 me
969 689 1127 732 mecum·

208 796 273 859 que
294 776 437 854 vixisset,
461 796 564 859 nuper
587 780 638 838 est
663 773 757 837 domi
781 795 876 836 meae
900 779 1075 836 mortuus:
1101 794 1125 836 a

207 901 274 962 quo
295 900 372 944 cum
388 880 422 942 in
439 879 511 942 aliis
527 881 623 942 rebus
638 885 712 943 tum
728 878 970 942 studiosissime
988 880 1023 941 in
1049 879 1126 941 dia·

206 984 324 1049 lectica
357 986 538 1063 exercebar,
565 1005 651 1067 quae
675 984 772 1067 quasi
798 990 965 1047 contracta
995 990 1029 1046 et
1063 982 1126 1045 ad·

206 1090 319 1153 stricta
334 1088 522 1171 eloquentia
538 1088 688 1173 putanda
706 1094 765 1167 est,
781 1089 852 1151 sine
867 1110 934 1171 qua
949 1088 1052 1151 etiam
1071 1094 1123 1166 tu,

207 1192 321 1273 Brute,
339 1192 531 1277 judicavisti
557 1199 590 1255 tc
616 1192 709 1256 illam
728 1193 854 1278 justam
878 1192 1123 1275 eloquentiam,

208 1319 310 1380 quam
333 1297 541 1361 dialecticam
564 1296 740 1361 dilatatam
762 1318 835 1360 esse
857 1303 987 1382 putant,
1002 1319 1124 1360 conse·

207 1403 266 1485 qui
288 1423 354 1465 non
376 1423 482 1486 posse.
529 1402 618 1466 Huic
633 1424 696 1487 ego
712 1402 838 1466 doctori
853 1408 887 1465 et
901 1402 973 1486 ejus
990 1403 1122 1465 artibus

205 1506 305 1569 variis
320 1512 420 1589 atque
438 1506 615 1570 multisita
630 1528 720 1570 eram
735 1512 848 1570 tamen
866 1506 1006 1586 deditus,
1018 1513 1061 1570 ut
1077 1508 1122 1569 ab

206 1612 494 1675 exercitationibus
508 1612 656 1676 oratoriis
669 1611 778 1675 nullus
789 1612 860 1675 dies
875 1632 1004 1676 vacuus
1019 1617 1121 1675 esset

205 1715 278 1781 310.
305 1717 566 1781 Commentabar
587 1716 805 1781 declamitans
829 1717 890 1801 (sic
912 1718 1001 1780 enim
1026 1737 1122 1780 nunc

204 1821 398 1908 loquuntur)
430 1844 530 1907 saepe
559 1843 635 1885 cum
670 1821 717 1885 M.
745 1821 866 1885 Pisone
897 1828 930 1885 et
958 1843 1039 1885 cum
1076 1822 1120 1899 Q.

207 1925 368 2013 Pompeio
389 1933 450 1991 aut
474 1949 551 1991 cum
574 1927 686 2010 aliquo
706 1926 872 2009 quotidie;
894 1926 994 2009 idque
1016 1926 1120 1990 facie·

203 2032 283 2095 barn
306 2032 450 2096 multum
467 2033 568 2095 etiam
586 2030 707 2095 Latine
729 2031 786 2094 scd
811 2031 940 2095 Graece
963 2034 1120 2116 saepius;

203 2135 256 2199 vel
278 2135 369 2218 quod
394 2136 522 2199 Graeca
537 2136 642 2198 oratio
661 2136 755 2220 plura
776 2142 972 2200 ornamenta
994 2159 1118 2222 suppe-

204 2240 317 2303 ditans
344 2240 618 2304 consuetudinem
651 2240 800 2304 similiter
830 2239 951 2304 Latine
981 2241 1118 2306 dicendi

205 2343 436 2422 afferebat,ch
459 2344 549 2426 quod
566 2367 586 2408 a
604 2345 740 2408 Graecis
757 2346 897 2408 summis
914 2346 1117 2427 doctoribus,

204 2448 268 2511 nisi
294 2448 419 2511 Graece
435 2448 585 2528 dicerem,
602 2471 710 2531 neque
725 2450 839 2535 corrigi
856 2471 987 2534 possem
1006 2473 1117 2534 neque

205 2552 321 2616 doceri.
365 2552 438 2617 311.
464 2555 645 2618 Tumultus
660 2555 791 2618 interim
815 2576 872 2639 pro
890 2557 1117 2639 recuperanda

202 2678 236 2720 rc
263 2658 395 2742 publica
421 2665 455 2722 et
480 2658 619 2722 crudelis
647 2659 800 2722 interitus
822 2666 988 2723 oratorum
1011 2662 1116 2725 trium

207 2762 386 2827 Scaevolae
406 2764 569 2827 Carbonis
585 2765 732 2843 Antistii,
744 2764 868 2828 reditus
884 2765 1003 2828 Cottae
1019 2766 1116 2830 Curi·

203 2868 276 2931 onis
296 2869 406 2932 Crassi
425 2869 645 2933 Lentulorum
663 2868 822 2954 Pompeii,
835 2868 924 2954 leges
941 2877 975 2933 et
985 2871 1117 2954 judicia

203 2973 396 3052 constituta,
426 2981 619 3059 recuperata
648 2996 699 3038 res
729 2974 873 3059 publica,
903 2995 943 3037 ex
974 2996 1115 3039 numero

203 3085 317 3141 autem
334 3084 500 3142 oratorum
524 3081 731 3165 Pomponius
750 3079 952 3142 Censorinus
971 3079 1115 3145 Murena

202 3183 332 3247 sublati.
381 3183 469 3246 Turn
488 3186 629 3269 primurn
646 3207 705 3248 nos
722 3185 764 3249 ad
780 3206 901 3248 causus
918 3191 951 3248 et
966 3185 1113 3269 privatas

202 3293 236 3350 et
252 3288 400 3372 publicas
416 3288 506 3352 adire
528 3291 708 3374 coepimus,
724 3311 790 3352 non
806 3296 846 3353 ut
865 3291 899 3352 in
915 3288 985 3353 soro
1009 3290 1112 3354 disce·

199 3413 320 3472 remus,
335 3394 426 3476 quod
454 3393 596 3478 plerique
623 3395 779 3473 fecerunt,
795 3394 852 3458 sed
876 3400 924 3473 ut,
944 3402 1111 3478 quantum

198 3516 259 3559 nos
282 3496 407 3562 efficere
431 3500 666 3584 potuissemus,
685 3499 776 3563 docti
796 3501 832 3563 in
856 3499 963 3564 lorum
985 3501 1112 3566 venire·
