2542 4117
413 338 548 382 saurus.
592 338 663 382 011.
684 338 774 383 xxxr.
1002 315 1046 384 41

133 490 234 556 firma
260 491 296 556 in
319 491 381 555 hoo
403 492 472 555 viro
499 496 533 556 et
555 492 682 556 stabilis
707 492 846 556 inventa
869 496 928 556 est.
973 488 1047 555 115.

138 596 215 674 Qui
237 618 316 661 eum
338 597 630 660 innocentissimus
659 597 693 660 iu
717 595 880 681 judicium
909 602 1047 660 vocatus

134 708 228 766 esset
243 701 324 786 (quo
335 700 463 786 judicio
478 700 671 764 convulsam
688 701 819 785 penitus
835 701 959 764 scimus
975 719 1047 764 esse

133 826 208 870 rem
230 805 426 891 publicam),
441 827 517 869 cum
540 812 651 869 essent
673 826 714 868 eo
730 811 879 890 tempore
893 803 1048 887 eloquen-

133 910 261 975 tissimi
275 911 335 974 viri
351 909 390 973 L
407 910 545 973 Crassus
558 916 592 974 et
610 909 656 973 Μ
670 911 838 974 Antonius
849 908 1048 989 consulares,

135 1035 255 1078 eorum
281 1015 435 1079 adhibere
461 1020 617 1078 neutrum
640 1014 762 1078 voluit:
784 1012 868 1077 dixit
891 1013 962 1098 ipse
988 1033 1047 1097 pro

134 1140 227 1200 sese3
250 1126 285 1184 et
306 1141 414 1204 pauca
432 1120 470 1184 C.
489 1119 599 1198 Cotta,
614 1118 705 1202 quod
727 1120 844 1183 sororis
859 1125 929 1182 erat
948 1117 1048 1198 filius,

134 1232 171 1290 et
195 1226 225 1289 is
250 1225 386 1309 quidem
407 1231 523 1289 tamen
547 1231 586 1289 ut
611 1230 728 1302 orator,
750 1244 953 1307 quamquam
977 1228 1048 1288 erat

134 1329 321 1395 admodum
336 1330 537 1394 adolescens.
578 1328 646 1393 Sed
664 1328 707 1407 Q„
725 1328 857 1393 Mucius
875 1327 1047 1392 enucleate

131 1435 191 1499 ille
214 1434 350 1518 quidem
366 1440 400 1498 et
415 1434 525 1519 polite,
541 1441 579 1498 ut
601 1434 738 1512 solebat,
754 1454 965 1516 nequaquam
988 1452 1047 1500 au·

131 1546 205 1604 tem
229 1562 270 1605 ea
291 1542 324 1604 vi
346 1546 448 1623 atque
470 1541 576 1625 eopia,
592 1561 694 1623 quam
710 1560 816 1624 genus
831 1538 911 1602 illud
929 1537 1068 1623 judieii·

133 1652 169 1709 et
185 1645 384 1730 magnitudo
398 1665 521 1709 causae
536 1645 737 1728 postulabat.
776 1643 848 1706 116.
872 1642 1046 1707 Habemus

130 1749 236 1836 igitur
260 1752 296 1814 in
323 1749 448 1815 Stoicis
470 1750 655 1813 oratoribus
684 1747 857 1825 Rutilium,
880 1746 1045 1812 Seaumm

131 1853 169 1918 in
186 1855 350 1937 antiquis:
367 1860 544 1937 utrumque
559 1859 673 1917 tamen
689 1851 874 1930 laudemus,
885 1851 1046 1933 quoniam

132 1980 193 2045 per
213 1958 287 2024 illos
311 1980 352 2040 ne
376 1961 458 2028 haee
479 1958 615 2043 quidem
635 1957 821 2022 incivitate
841 1977 963 2042 genero
983 1956 1047 2021 hoe

132 2064 278 2128 oratoria
292 2064 392 2128 laude
407 2069 590 2128 caruerunt.
633 2062 722 2126 Volo
737 2062 827 2126 enim
842 2062 928 2126 utin
946 2081 1047 2126 scena

131 2169 182 2233 sio
196 2169 301 2232 etiam
316 2168 351 2232 in
366 2166 437 2232 soro
453 2189 520 2231 non
536 2189 592 2232 eos
608 2167 710 2231 modo
725 2166 862 2247 laudari,
876 2167 934 2249 qui
949 2166 1046 2231 oeleri

130 2281 231 2339 motu
254 2280 289 2339 et
304 2274 430 2339 difficili
445 2280 591 2353 utantur,
607 2274 665 2337 sed
680 2294 738 2336 eos
754 2273 864 2352 etiam,
879 2294 964 2355 quos
979 2279 1045 2336 sta·

129 2380 235 2445 tarios
257 2379 437 2466 appellant,
452 2400 594 2463 quorum
610 2380 654 2443 sit
667 2378 725 2443 illa
739 2378 878 2463 simplex
893 2380 929 2443 in
945 2400 1045 2465 agen·

130 2484 177 2549 do
191 2485 321 2564 veritas,
337 2506 404 2549 non
420 2484 570 2548 molesta.

179 2588 310 2653 XXXIt
352 2589 425 2652 117.
449 2588 494 2653 Et
509 2588 668 2671 quoniam
685 2587 875 2652 Stoicorum
890 2593 942 2651 est
956 2586 1046 2652 faeta

130 2694 271 2772 mentm,
290 2691 332 2770 Q.
358 2694 474 2758 Aelius
499 2693 632 2758 Tubero
658 2694 723 2757 fuit
745 2692 802 2757 illo
824 2698 981 2776 tempore,
1004 2693 1044 2758 L.

132 2798 244 2863 Paulli
265 2820 379 2884 nepos,
395 2800 486 2864 nullo
508 2800 543 2863 in
566 2805 733 2864 oratorum
747 2820 885 2864 numero
901 2799 959 2863 sed
975 2801 1045 2865 vita

131 2924 266 2967 sevems
290 2910 324 2968 et
352 2926 537 2990 congruens
560 2926 638 2969 oum
665 2926 706 2968 ea
731 2904 913 2990 disciplina,
939 2926 1043 2988 quam

129 3008 279 3088 colebat3
310 3009 423 3095 paullo
457 3010 560 3073 etiam
595 3010 721 3089 durior;
751 3010 808 3092 qui
840 3009 976 3091 quidem
1006 3009 1043 3072 in

128 3113 341 3178 triumviratu
359 3113 558 3198 judicaverit
578 3120 693 3178 eontra
716 3113 752 3176 P.
770 3111 926 3191 Africani,
941 3133 1043 3175 avun-

129 3217 198 3282 euli
224 3219 286 3297 sui,
307 3220 537 3283 testimonium
564 3220 773 3283 venationem
796 3238 948 3303 augures,
974 3237 1042 3299 qno

129 3324 245 3387 minus
265 3324 401 3409 judiciis
424 3345 558 3410 operam
585 3323 710 3403 darent,
735 3345 802 3388 non
824 3324 959 3387 habere:
982 3322 1042 3387 sed

128 3435 170 3494 ut
199 3428 271 3493 vita
300 3430 348 3493 sio
379 3431 527 3494 oratione
561 3428 664 3493 durus
697 3429 842 3495 incultus
875 3427 1041 3493 horridusz

128 3533 245 3617 itaque
257 3534 435 3599 honoribus
450 3535 615 3619 majomm
630 3534 825 3621 respondere
839 3555 905 3597 non
922 3532 1041 3618 potuit.
