2542 4117
201 290 245 358 82
485 308 620 353 saurus.
666 309 736 352 car.
759 309 841 353 nxn.

204 468 303 530 bebat
333 465 447 529 oratic.
504 463 642 527 Acutior
671 462 714 541 Q.
744 461 869 526 Varius
897 465 996 526 rebus
1011 461 1115 525 'inve-

204 571 335 639 niendis
361 591 422 634 nec
444 569 554 633 minus
576 570 684 632 verbis
706 567 897 653 expeditus:
920 567 1014 632 fortis
1036 589 1115 631 vero

206 683 298 740 actor
319 681 354 739 et
375 676 553 738 vehemens
576 680 610 737 et
636 673 741 736 verbis
763 694 824 737 uec
849 674 945 757 inops
971 693 1033 736 nec
1058 676 1116 735 ab·

203 782 321 866 jectus,
337 786 372 843 et
394 799 494 862 quem
520 777 619 862 plane
641 786 803 841 oratorem
820 776 926 840 dicere
951 776 1116 855 auderes,'

116 941 135 984 ,ι
210 886 271 950 Cn.
293 884 500 970 Pomponius
519 882 676 966 lateribus
699 903 853 972 pugnans
878 882 1022 945 incitans
1046 883 1117 945 ani·

205 1012 281 1055 mos
299 1012 374 1054 acer
396 992 531 1054 acerbus
554 989 760 1052 criminosus.
804 989 878 1051 222.
905 988 1053 1053 Multum
1074 992 1117 1053 ab

208 1099 259 1162 his
289 1101 403 1162 aberat
437 1097 475 1161 1.
510 1094 648 1175 Fufius;
681 1102 795 1160 tamen
826 1118 867 1159 ex
899 1098 1118 1161 accusatione

210 1202 257 1268 M.
276 1204 401 1285 Aquilii
416 1201 606 1286 diligentiae
621 1201 766 1264 fructum
783 1207 923 1285 ceperat.
962 1202 1054 1266 Nam
1070 1202 1117 1265 M.

208 1285 366 1386 Drusum,
377 1314 473 1370 tuum
490 1326 649 1391 magnum
667 1305 881 1384 avunculum,
896 1328 1032 1392 gravem
1047 1328 1118 1371 ora·

206 1417 321 1490 torem,
335 1412 384 1475 ita
407 1410 580 1488 duntaxat,
602 1431 680 1473 cum
703 1410 744 1474 de
766 1431 799 1473 re
822 1413 955 1496 publica
977 1412 1119 1492 diceret3

210 1514 251 1580 L.
276 1521 389 1578 autem
414 1514 594 1578 Lucullum
618 1516 720 1578 etiam
744 1523 899 1595 acutum;
922 1524 1119 1601 patremque

208 1625 317 1698 tuum,
339 1619 451 1700 Brute,
468 1620 550 1705 juris
576 1641 710 1702 quoque
733 1626 768 1683 et
793 1621 916 1706 publici
939 1628 973 1685 et
998 1623 1120 1708 privati

209 1746 290 1790 sane
312 1726 473 1810 peritum3
499 1725 544 1789 M.
562 1724 742 1789 Lucullum
772 1726 817 1789 Μ.
845 1727 1026 1791 Octavium
1057 1728 1119 1791 Cn.

212 1830 261 1909 F,
276 1832 335 1914 qui
356 1838 488 1895 tantum
507 1831 703 1894 auctoritate
724 1832 931 1915 dicendoque
950 1832 1066 1912 valuit,
1081 1839 1121 1897 ut

210 1936 319 2022 legem
338 1935 569 2021 Semproniam
584 1933 833 1999 immentariam
847 1937 959 2021 populi
971 1936 1120 2020 frequen·

212 2043 257 2106 tis
269 2040 432 2126 suffragiis
445 2042 668 2125 abrogaverit3
687 2041 747 2104 Cn.
763 2041 944 2106 Octavium
959 2042 1005 2106 M.
1019 2043 1057 2106 F.
1072 2043 1119 2107 M.

214 2147 379 2211 Catonem
402 2152 528 2231 patrem
555 2146 597 2223 Q.
621 2148 723 2210 etiam
750 2146 910 2210 Catulum
932 2146 1039 2212 filium
1063 2151 1121 2212 ab·

212 2251 376 2315 ducamus
391 2271 432 2312 ex
448 2251 528 2329 acie,
542 2250 576 2313 id
592 2256 644 2314 est
665 2272 686 2313 a
705 2251 878 2336 judiciis,ll
892 2258 926 2316 et
947 2255 982 2316 in
999 2254 1121 2337 praesi-

213 2355 278 2419 diis
301 2356 347 2418 rei
371 2355 531 2439 publicae,
557 2356 610 2418 cui
641 2353 737 2419 facile
763 2355 950 2421 satisfacere
980 2359 1122 2442 possint,

213 2460 422 2524 collocemus.
465 2459 539 2523 223.
563 2460 692 2523 Eodem
721 2462 763 2539 Q.
797 2462 1001 2548 Caepionem
1027 2462 1122 2527 refer·

214 2586 292 2645 rem,
310 2567 372 2629 nisi
395 2566 494 2629 nimis
517 2567 658 2648 equestri
681 2565 785 2629 ordini
808 2567 940 2630 deditus
962 2589 982 2631 a
1002 2574 1123 2631 senatu

214 2672 414 2736 dissedisset
462 2671 522 2735 Cu.
551 2671 738 2734 Carbonem
770 2670 816 2734 M
850 2671 993 2735 Marium
1020 2677 1055 2736 et
1082 2695 1124 2736 ex

216 2777 334 2841 eodem
350 2798 466 2862 genere
478 2775 663 2860 complures
675 2777 810 2839 minime
826 2776 943 2862 dignos
959 2777 1123 2863 elegantis

215 2888 399 2948 conventus
414 2882 547 2945 auribus
563 2882 753 2966 aptissimos
768 2883 910 2967 cognovi
924 2882 1123 2947 turbulentis

216 2988 440 3053 concionibus.
487 2986 567 3066 Quo
592 2987 627 3049 iu
655 3007 781 3071 genere,
803 2993 842 3050 ut
864 2987 900 3050 in
924 2988 975 3050 his
1000 2994 1124 3073 pertur-

248 3194 262 3220 ’
277 3194 383 3244 Emend.
398 3193 427 3244 cf
441 3193 552 3258 Madvig.
584 3192 689 3243 Former
704 3192 801 3253 editors,
818 3194 965 3258 connecting
981 3194 1124 3247 theclausa

216 3276 281 3327 from
294 3276 368 3342 fortis
384 3284 410 3325 tc
425 3275 519 3324 caduca
535 3275 595 3325 with
614 3275 641 3334 Q.
658 3272 742 3323 Varias
757 3275 853 3324 instead
869 3276 898 3325 cf
914 3274 956 3325 Cn.
972 3274 1124 3342 Pomponius,

214 3359 325 3424 printed:
341 3366 362 3406 et
371 3355 513 3421 quampluris
522 3365 632 3405 marnam
643 3354 717 3405 dicae
726 3354 828 3405 audam.

246 3438 274 3464 *¹*
290 3437 322 3489 Id
335 3446 367 3488 cst
384 3455 401 3487 a
416 3435 523 3503 judiciis.
552 3437 678 3488 Ruhnken
693 3439 743 3487 and
759 3438 849 3500 others,
865 3440 1022 3505 considering
1040 3440 1090 3491 this
1107 3456 1125 3493 a

214 3519 393 3586 gloss,iuclcse
403 3518 589 3571 itinbrackets.
