<?xml version="1.0" encoding="UTF-8"?>
<!DOCTYPE html PUBLIC "-//W3C//DTD XHTML 1.0 Transitional//EN"
    "http://www.w3.org/TR/xhtml1/DTD/xhtml1-transitional.dtd">
<html xmlns="http://www.w3.org/1999/xhtml" xml:lang="en" lang="en">
 <head>
  <title>
</title>
<meta http-equiv="Content-Type" content="text/html;charset=utf-8" />
  <meta name='ocr-system' content='tesseract 3.04.00' />
  <meta name='ocr-capabilities' content='ocr_page ocr_carea ocr_par ocr_line ocrx_word'/>
</head>
<body>
  <div class='ocr_page' id='page_1' title='image "./brutus02cicegoog/brutus02cicegoog_0062.png"; bbox 0 0 2542 4117; ppageno 0'>
   <div class='ocr_carea' id='block_1_1' title="bbox 215 275 863 345">
    <p class='ocr_par' dir='ltr' id='par_1_1' title="bbox 215 275 863 345">
     <span class='ocr_line' id='line_1_1' title="bbox 215 275 863 345; baseline 0 -2"><span class='ocrx_word' id='word_1_1' title='bbox 215 275 261 343; x_wconf 78' lang='lat'><strong>44</strong></span> <span class='ocrx_word' id='word_1_2' title='bbox 474 299 608 345; x_wconf 81' lang='lat' dir='ltr'><strong>saurus.</strong></span> <span class='ocrx_word' id='word_1_3' title='bbox 647 300 718 344; x_wconf 71' lang='lat' dir='ltr'><strong>cur.</strong></span> <span class='ocrx_word' id='word_1_4' title='bbox 741 300 863 345; x_wconf 77' lang='lat' dir='ltr'><strong>xxxin.</strong></span> 
     </span>
    </p>
   </div>
   <div class='ocr_carea' id='block_1_2' title="bbox 215 450 1135 2718">
    <p class='ocr_par' dir='ltr' id='par_1_2' title="bbox 215 450 1135 2718">
     <span class='ocr_line' id='line_1_2' title="bbox 217 450 1127 535; baseline 0.003 -21"><span class='ocrx_word' id='word_1_5' title='bbox 217 469 281 515; x_wconf 87' lang='lat' dir='ltr'><strong>nus</strong></span> <span class='ocrx_word' id='word_1_6' title='bbox 306 450 437 516; x_wconf 86' lang='lat' dir='ltr'><strong>dicendi</strong></span> <span class='ocrx_word' id='word_1_7' title='bbox 462 458 496 517; x_wconf 88' lang='lat' dir='ltr'><strong>et</strong></span> <span class='ocrx_word' id='word_1_8' title='bbox 521 454 687 535; x_wconf 82' lang='lat' dir='ltr'><strong>ornatius3</strong></span> <span class='ocrx_word' id='word_1_9' title='bbox 716 459 750 518; x_wconf 92' lang='lat' dir='ltr'><strong>et</strong></span> <span class='ocrx_word' id='word_1_10' title='bbox 775 454 950 518; x_wconf 85' lang='lat' dir='ltr'><strong>nocuimus</strong></span> <span class='ocrx_word' id='word_1_11' title='bbox 976 452 1127 533; x_wconf 86' lang='lat' dir='ltr'><strong>sortasse,</strong></span> 
     </span>
     <span class='ocr_line' id='line_1_3' title="bbox 217 554 1128 644; baseline 0.002 -26"><span class='ocrx_word' id='word_1_12' title='bbox 217 554 308 637; x_wconf 90' lang='lat' dir='ltr'><strong>quod</strong></span> <span class='ocrx_word' id='word_1_13' title='bbox 333 562 458 621; x_wconf 85' lang='lat' dir='ltr'><strong>veteres</strong></span> <span class='ocrx_word' id='word_1_14' title='bbox 479 558 645 622; x_wconf 89' lang='lat' dir='ltr'><strong>orationes</strong></span> <span class='ocrx_word' id='word_1_15' title='bbox 672 563 748 644; x_wconf 89' lang='lat' dir='ltr'><strong>post</strong></span> <span class='ocrx_word' id='word_1_16' title='bbox 771 565 907 639; x_wconf 82' lang='lat' dir='ltr'><strong>nostras,</strong></span> <span class='ocrx_word' id='word_1_17' title='bbox 930 579 997 622; x_wconf 94' lang='lat' dir='ltr'><strong>non</strong></span> <span class='ocrx_word' id='word_1_18' title='bbox 1025 580 1046 622; x_wconf 87' lang='lat' dir='ltr'><strong>a</strong></span> <span class='ocrx_word' id='word_1_19' title='bbox 1071 578 1128 621; x_wconf 88' lang='lat' dir='ltr'><strong>me</strong></span> 
     </span>
     <span class='ocr_line' id='line_1_4' title="bbox 217 659 1128 749; baseline 0.003 -27"><span class='ocrx_word' id='word_1_20' title='bbox 217 659 354 743; x_wconf 91' lang='lat' dir='ltr'><strong>quidem</strong></span> <span class='ocrx_word' id='word_1_21' title='bbox 371 660 470 747; x_wconf 89' lang='lat' dir='ltr'><strong>(meis</strong></span> <span class='ocrx_word' id='word_1_22' title='bbox 485 662 575 725; x_wconf 88' lang='lat' dir='ltr'><strong>enim</strong></span> <span class='ocrx_word' id='word_1_23' title='bbox 589 662 664 727; x_wconf 85' lang='lat' dir='ltr'><strong>illas</strong></span> <span class='ocrx_word' id='word_1_24' title='bbox 679 664 873 749; x_wconf 75' lang='lat' dir='ltr'>antepono),</span> <span class='ocrx_word' id='word_1_25' title='bbox 889 663 948 727; x_wconf 89' lang='lat' dir='ltr'><strong>sed</strong></span> <span class='ocrx_word' id='word_1_26' title='bbox 973 685 994 727; x_wconf 87' lang='lat' dir='ltr'><strong>a</strong></span> <span class='ocrx_word' id='word_1_27' title='bbox 1015 662 1128 747; x_wconf 89' lang='lat' dir='ltr'><strong>pleris-</strong></span> 
     </span>
     <span class='ocr_line' id='line_1_5' title="bbox 218 764 1129 851; baseline 0.001 -24"><span class='ocrx_word' id='word_1_28' title='bbox 218 784 283 846; x_wconf 85' lang='lat' dir='ltr'><strong>que</strong></span> <span class='ocrx_word' id='word_1_29' title='bbox 307 764 372 851; x_wconf 81' lang='lat' dir='ltr'><strong>legi</strong></span> <span class='ocrx_word' id='word_1_30' title='bbox 397 771 476 830; x_wconf 90' lang='lat' dir='ltr'><strong>sunt</strong></span> <span class='ocrx_word' id='word_1_31' title='bbox 498 765 635 831; x_wconf 87' lang='lat' dir='ltr'><strong>desitae.</strong></span> <span class='ocrx_word' id='word_1_32' title='bbox 681 767 839 846; x_wconf 89' lang='lat' dir='ltr'><strong>Numera,</strong></span> <span class='ocrx_word' id='word_1_33' title='bbox 864 767 982 850; x_wconf 89' lang='lat' dir='ltr'><strong>inquit,</strong></span> <span class='ocrx_word' id='word_1_34' title='bbox 1008 787 1064 830; x_wconf 91' lang='lat' dir='ltr'><strong>me</strong></span> <span class='ocrx_word' id='word_1_35' title='bbox 1091 767 1129 829; x_wconf 93' lang='lat' dir='ltr'><strong>in</strong></span> 
     </span>
     <span class='ocr_line' id='line_1_6' title="bbox 219 869 1130 956; baseline -0.001 -23"><span class='ocrx_word' id='word_1_36' title='bbox 219 869 398 956; x_wconf 83' lang='lat' dir='ltr'><strong>plerisque:</strong></span> <span class='ocrx_word' id='word_1_37' title='bbox 421 891 628 953; x_wconf 85' lang='lat' dir='ltr'><strong>quamquam</strong></span> <span class='ocrx_word' id='word_1_38' title='bbox 644 871 740 935; x_wconf 86' lang='lat' dir='ltr'><strong>video</strong></span> <span class='ocrx_word' id='word_1_39' title='bbox 757 872 838 935; x_wconf 93' lang='lat' dir='ltr'><strong>mihi</strong></span> <span class='ocrx_word' id='word_1_40' title='bbox 859 871 964 935; x_wconf 91' lang='lat' dir='ltr'><strong>multa</strong></span> <span class='ocrx_word' id='word_1_41' title='bbox 985 869 1130 956; x_wconf 86' lang='lat' dir='ltr'><strong>legenda</strong></span> 
     </span>
     <span class='ocr_line' id='line_1_7' title="bbox 215 973 1130 1060; baseline -0.001 -22"><span class='ocrx_word' id='word_1_42' title='bbox 215 973 289 1060; x_wconf 85' lang='lat' dir='ltr'><strong>jum</strong></span> <span class='ocrx_word' id='word_1_43' title='bbox 311 980 345 1038; x_wconf 80' lang='lat' dir='ltr'><strong>te</strong></span> <span class='ocrx_word' id='word_1_44' title='bbox 367 980 510 1054; x_wconf 88' lang='lat' dir='ltr'><strong>auctore,</strong></span> <span class='ocrx_word' id='word_1_45' title='bbox 525 996 612 1058; x_wconf 85' lang='lat' dir='ltr'><strong>quae</strong></span> <span class='ocrx_word' id='word_1_46' title='bbox 627 981 728 1040; x_wconf 88' lang='lat' dir='ltr'><strong>antea</strong></span> <span class='ocrx_word' id='word_1_47' title='bbox 744 977 1008 1039; x_wconf 70' lang='lat' dir='ltr'><strong>contemnebam.</strong></span> <span class='ocrx_word' id='word_1_48' title='bbox 1052 973 1130 1038; x_wconf 83' lang='grc'><strong>124.</strong></span> 
     </span>
     <span class='ocr_line' id='line_1_8' title="bbox 223 1079 1131 1163; baseline -0.004 -18"><span class='ocrx_word' id='word_1_49' title='bbox 223 1080 328 1163; x_wconf 87' lang='lat' dir='ltr'><strong>Atqui</strong></span> <span class='ocrx_word' id='word_1_50' title='bbox 350 1079 441 1159; x_wconf 82' lang='lat' dir='ltr'><strong>haec,</strong></span> <span class='ocrx_word' id='word_1_51' title='bbox 462 1079 612 1162; x_wconf 89' lang='lat' dir='ltr'><strong>inquam,</strong></span> <span class='ocrx_word' id='word_1_52' title='bbox 636 1080 679 1143; x_wconf 92' lang='lat' dir='ltr'><strong>de</strong></span> <span class='ocrx_word' id='word_1_53' title='bbox 699 1081 829 1144; x_wconf 86' lang='lat' dir='ltr'><strong>incestu</strong></span> <span class='ocrx_word' id='word_1_54' title='bbox 856 1080 995 1144; x_wconf 85' lang='lat' dir='ltr'><strong>laudata</strong></span> <span class='ocrx_word' id='word_1_55' title='bbox 1018 1079 1131 1142; x_wconf 84' lang='lat' dir='ltr'><strong>oratio</strong></span> 
     </span>
     <span class='ocr_line' id='line_1_9' title="bbox 220 1183 1131 1270; baseline 0 -23"><span class='ocrx_word' id='word_1_56' title='bbox 220 1183 354 1270; x_wconf 86' lang='lat' dir='ltr'><strong>puerilis</strong></span> <span class='ocrx_word' id='word_1_57' title='bbox 368 1189 420 1247; x_wconf 86' lang='lat' dir='ltr'><strong>est</strong></span> <span class='ocrx_word' id='word_1_58' title='bbox 441 1183 522 1248; x_wconf 90' lang='lat' dir='ltr'><strong>loeis</strong></span> <span class='ocrx_word' id='word_1_59' title='bbox 538 1184 670 1249; x_wconf 88' lang='lat' dir='ltr'><strong>multis:</strong></span> <span class='ocrx_word' id='word_1_60' title='bbox 693 1184 735 1249; x_wconf 91' lang='lat' dir='ltr'><strong>de</strong></span> <span class='ocrx_word' id='word_1_61' title='bbox 756 1205 868 1249; x_wconf 87' lang='lat' dir='ltr'><strong>amore</strong></span> <span class='ocrx_word' id='word_1_62' title='bbox 890 1185 932 1249; x_wconf 85' lang='lat' dir='ltr'><strong>de</strong></span> <span class='ocrx_word' id='word_1_63' title='bbox 954 1183 1131 1247; x_wconf 84' lang='lat' dir='ltr'><strong>tormentis</strong></span> 
     </span>
     <span class='ocr_line' id='line_1_10' title="bbox 220 1286 1132 1369; baseline -0.002 -17"><span class='ocrx_word' id='word_1_64' title='bbox 220 1287 263 1352; x_wconf 86' lang='lat' dir='ltr'><strong>de</strong></span> <span class='ocrx_word' id='word_1_65' title='bbox 273 1308 403 1352; x_wconf 88' lang='lat' dir='ltr'><strong>rumore</strong></span> <span class='ocrx_word' id='word_1_66' title='bbox 412 1286 477 1352; x_wconf 91' lang='lat' dir='ltr'><strong>loci</strong></span> <span class='ocrx_word' id='word_1_67' title='bbox 493 1310 573 1352; x_wconf 84' lang='lat' dir='ltr'><strong>sane</strong></span> <span class='ocrx_word' id='word_1_68' title='bbox 585 1289 719 1369; x_wconf 78' lang='lat' dir='ltr'><strong>inenes3</strong></span> <span class='ocrx_word' id='word_1_69' title='bbox 735 1295 962 1353; x_wconf 79' lang='lat' dir='ltr'><strong>verumtamen</strong></span> <span class='ocrx_word' id='word_1_70' title='bbox 978 1288 1132 1352; x_wconf 92' lang='lat' dir='ltr'><strong>nondum</strong></span> 
     </span>
     <span class='ocr_line' id='line_1_11' title="bbox 219 1392 1134 1459; baseline -0.001 -3"><span class='ocrx_word' id='word_1_71' title='bbox 219 1392 307 1457; x_wconf 78' lang='lat' dir='ltr'><strong>tritis</strong></span> <span class='ocrx_word' id='word_1_72' title='bbox 336 1398 521 1456; x_wconf 87' lang='lat' dir='ltr'><strong>nostrorum</strong></span> <span class='ocrx_word' id='word_1_73' title='bbox 548 1394 723 1459; x_wconf 89' lang='lat' dir='ltr'><strong>hominnm</strong></span> <span class='ocrx_word' id='word_1_74' title='bbox 750 1395 885 1458; x_wconf 85' lang='lat' dir='ltr'><strong>auribus</strong></span> <span class='ocrx_word' id='word_1_75' title='bbox 911 1414 972 1457; x_wconf 89' lang='lat' dir='ltr'><strong>nee</strong></span> <span class='ocrx_word' id='word_1_76' title='bbox 999 1392 1134 1455; x_wconf 82' lang='lat' dir='ltr'><strong>erudita</strong></span> 
     </span>
     <span class='ocr_line' id='line_1_12' title="bbox 221 1496 1133 1584; baseline -0.001 -23"><span class='ocrx_word' id='word_1_77' title='bbox 221 1497 354 1561; x_wconf 83' lang='lat' dir='ltr'><strong>civitate</strong></span> <span class='ocrx_word' id='word_1_78' title='bbox 369 1496 564 1562; x_wconf 74' lang='lat' dir='ltr'><strong>tolerabiles.</strong></span> <span class='ocrx_word' id='word_1_79' title='bbox 604 1498 745 1584; x_wconf 75' lang='lat' dir='ltr'>Scripsit</span> <span class='ocrx_word' id='word_1_80' title='bbox 758 1500 862 1563; x_wconf 87' lang='lat' dir='ltr'><strong>etiam</strong></span> <span class='ocrx_word' id='word_1_81' title='bbox 879 1498 945 1563; x_wconf 86' lang='lat' dir='ltr'><strong>alia</strong></span> <span class='ocrx_word' id='word_1_82' title='bbox 959 1496 1133 1576; x_wconf 84' lang='lat' dir='ltr'><strong>nonnulla,</strong></span> 
     </span>
     <span class='ocr_line' id='line_1_13' title="bbox 222 1600 1134 1688; baseline 0.001 -24"><span class='ocrx_word' id='word_1_83' title='bbox 222 1606 258 1664; x_wconf 91' lang='lat' dir='ltr'><strong>et</strong></span> <span class='ocrx_word' id='word_1_84' title='bbox 279 1600 386 1666; x_wconf 81' lang='lat' dir='ltr'><strong>multa</strong></span> <span class='ocrx_word' id='word_1_85' title='bbox 400 1602 484 1667; x_wconf 83' lang='lat' dir='ltr'>dixit</span> <span class='ocrx_word' id='word_1_86' title='bbox 498 1610 533 1666; x_wconf 92' lang='lat' dir='ltr'><strong>et</strong></span> <span class='ocrx_word' id='word_1_87' title='bbox 547 1602 695 1683; x_wconf 82' lang='lat' dir='ltr'><strong>illustria,</strong></span> <span class='ocrx_word' id='word_1_88' title='bbox 710 1610 744 1668; x_wconf 91' lang='lat' dir='ltr'><strong>et</strong></span> <span class='ocrx_word' id='word_1_89' title='bbox 765 1605 800 1668; x_wconf 93' lang='lat' dir='ltr'><strong>in</strong></span> <span class='ocrx_word' id='word_1_90' title='bbox 822 1624 961 1668; x_wconf 92' lang='lat' dir='ltr'><strong>numero</strong></span> <span class='ocrx_word' id='word_1_91' title='bbox 977 1609 1134 1688; x_wconf 86' lang='lat' dir='ltr'><strong>patrono·</strong></span> 
     </span>
     <span class='ocr_line' id='line_1_14' title="bbox 221 1705 1134 1792; baseline -0.003 -21"><span class='ocrx_word' id='word_1_92' title='bbox 221 1725 297 1771; x_wconf 87' lang='lat' dir='ltr'><strong>rum</strong></span> <span class='ocrx_word' id='word_1_93' title='bbox 319 1705 391 1787; x_wconf 76' lang='lat' dir='ltr'><strong>fuir,</strong></span> <span class='ocrx_word' id='word_1_94' title='bbox 410 1712 450 1770; x_wconf 93' lang='lat' dir='ltr'><strong>ut</strong></span> <span class='ocrx_word' id='word_1_95' title='bbox 469 1728 547 1772; x_wconf 92' lang='lat' dir='ltr'><strong>eum</strong></span> <span class='ocrx_word' id='word_1_96' title='bbox 570 1708 674 1787; x_wconf 84' lang='lat' dir='ltr'><strong>mirer,</strong></span> <span class='ocrx_word' id='word_1_97' title='bbox 690 1729 767 1771; x_wconf 90' lang='lat' dir='ltr'><strong>cum</strong></span> <span class='ocrx_word' id='word_1_98' title='bbox 791 1714 826 1772; x_wconf 91' lang='lat' dir='ltr'><strong>et</strong></span> <span class='ocrx_word' id='word_1_99' title='bbox 849 1709 919 1772; x_wconf 87' lang='lat' dir='ltr'><strong>vita</strong></span> <span class='ocrx_word' id='word_1_100' title='bbox 940 1707 1134 1792; x_wconf 85' lang='lat' dir='ltr'><strong>suppedita-</strong></span> 
     </span>
     <span class='ocr_line' id='line_1_15' title="bbox 222 1810 1134 1897; baseline 0 -22"><span class='ocrx_word' id='word_1_101' title='bbox 222 1810 334 1891; x_wconf 81' lang='lat' dir='ltr'><strong>visset,</strong></span> <span class='ocrx_word' id='word_1_102' title='bbox 348 1817 383 1875; x_wconf 88' lang='lat' dir='ltr'><strong>et</strong></span> <span class='ocrx_word' id='word_1_103' title='bbox 399 1811 551 1897; x_wconf 84' lang='lat' dir='ltr'><strong>splendor</strong></span> <span class='ocrx_word' id='word_1_104' title='bbox 566 1812 596 1876; x_wconf 90' lang='lat' dir='ltr'><strong>ei</strong></span> <span class='ocrx_word' id='word_1_105' title='bbox 612 1833 679 1876; x_wconf 94' lang='lat' dir='ltr'><strong>non</strong></span> <span class='ocrx_word' id='word_1_106' title='bbox 696 1811 864 1892; x_wconf 79' lang='lat' dir='ltr'><strong>defuisset,</strong></span> <span class='ocrx_word' id='word_1_107' title='bbox 877 1812 1046 1876; x_wconf 86' lang='lat' dir='ltr'><strong>consulem</strong></span> <span class='ocrx_word' id='word_1_108' title='bbox 1062 1831 1134 1875; x_wconf 91' lang='lat' dir='ltr'><strong>non</strong></span> 
     </span>
     <span class='ocr_line' id='line_1_16' title="bbox 221 1915 1135 1982; baseline -0.003 0"><span class='ocrx_word' id='word_1_109' title='bbox 221 1916 334 1982; x_wconf 84' lang='lat' dir='ltr'><strong>fuisse.</strong></span> <span class='ocrx_word' id='word_1_110' title='bbox 380 1916 542 1981; x_wconf 90' lang='lat' dir='ltr'>XXXIII.</span> <span class='ocrx_word' id='word_1_111' title='bbox 586 1916 660 1981; x_wconf 80' lang='grc'><strong>125.</strong></span> <span class='ocrx_word' id='word_1_112' title='bbox 685 1917 754 1982; x_wconf 86' lang='lat' dir='ltr'><strong>Sed</strong></span> <span class='ocrx_word' id='word_1_113' title='bbox 773 1938 849 1981; x_wconf 88' lang='lat' dir='ltr'><strong>ecce</strong></span> <span class='ocrx_word' id='word_1_114' title='bbox 863 1918 897 1981; x_wconf 94' lang='lat' dir='ltr'><strong>in</strong></span> <span class='ocrx_word' id='word_1_115' title='bbox 914 1918 1069 1981; x_wconf 89' lang='lat' dir='ltr'><strong>manibus</strong></span> <span class='ocrx_word' id='word_1_116' title='bbox 1084 1915 1135 1979; x_wconf 87' lang='lat' dir='ltr'><strong>vir</strong></span> 
     </span>
     <span class='ocr_line' id='line_1_17' title="bbox 223 2021 1135 2107; baseline -0.001 -21"><span class='ocrx_word' id='word_1_117' title='bbox 223 2026 258 2086; x_wconf 86' lang='lat' dir='ltr'><strong>et</strong></span> <span class='ocrx_word' id='word_1_118' title='bbox 279 2021 564 2107; x_wconf 81' lang='lat' dir='ltr'><strong>praestantissimo</strong></span> <span class='ocrx_word' id='word_1_119' title='bbox 585 2023 721 2107; x_wconf 86' lang='lat' dir='ltr'><strong>ingenio</strong></span> <span class='ocrx_word' id='word_1_120' title='bbox 737 2028 771 2087; x_wconf 90' lang='lat' dir='ltr'><strong>et</strong></span> <span class='ocrx_word' id='word_1_121' title='bbox 790 2022 944 2107; x_wconf 86' lang='lat' dir='ltr'><strong>flagranti</strong></span> <span class='ocrx_word' id='word_1_122' title='bbox 965 2022 1075 2086; x_wconf 88' lang='lat' dir='ltr'><strong>studio</strong></span> <span class='ocrx_word' id='word_1_123' title='bbox 1097 2025 1135 2085; x_wconf 89' lang='lat' dir='ltr'><strong>et</strong></span> 
     </span>
     <span class='ocr_line' id='line_1_18' title="bbox 223 2124 1135 2212; baseline -0.001 -23"><span class='ocrx_word' id='word_1_124' title='bbox 223 2124 341 2190; x_wconf 89' lang='lat' dir='ltr'><strong>doctus</strong></span> <span class='ocrx_word' id='word_1_125' title='bbox 364 2146 385 2189; x_wconf 82' lang='lat' dir='ltr'><strong>a</strong></span> <span class='ocrx_word' id='word_1_126' title='bbox 407 2146 518 2210; x_wconf 87' lang='lat' dir='ltr'><strong>puero,</strong></span> <span class='ocrx_word' id='word_1_127' title='bbox 536 2126 574 2189; x_wconf 88' lang='lat' dir='ltr'><strong>C.</strong></span> <span class='ocrx_word' id='word_1_128' title='bbox 592 2126 772 2192; x_wconf 85' lang='lat' dir='ltr'><strong>Gracchus.</strong></span> <span class='ocrx_word' id='word_1_129' title='bbox 819 2128 896 2191; x_wconf 92' lang='lat' dir='ltr'><strong>Noli</strong></span> <span class='ocrx_word' id='word_1_130' title='bbox 912 2127 999 2192; x_wconf 82' lang='lat' dir='ltr'><strong>enlm</strong></span> <span class='ocrx_word' id='word_1_131' title='bbox 1017 2133 1135 2212; x_wconf 85' lang='lat' dir='ltr'><strong>putare</strong></span> 
     </span>
     <span class='ocr_line' id='line_1_19' title="bbox 223 2229 1135 2315; baseline 0 -22"><span class='ocrx_word' id='word_1_132' title='bbox 223 2250 438 2313; x_wconf 84' lang='lat' dir='ltr'><strong>quemquam,</strong></span> <span class='ocrx_word' id='word_1_133' title='bbox 454 2229 565 2310; x_wconf 84' lang='lat' dir='ltr'><strong>Brute,</strong></span> <span class='ocrx_word' id='word_1_134' title='bbox 581 2230 758 2315; x_wconf 84' lang='lat' dir='ltr'><strong>pleniorem</strong></span> <span class='ocrx_word' id='word_1_135' title='bbox 775 2239 809 2297; x_wconf 91' lang='lat' dir='ltr'><strong>et</strong></span> <span class='ocrx_word' id='word_1_136' title='bbox 829 2233 1010 2296; x_wconf 87' lang='lat' dir='ltr'><strong>uberiorem</strong></span> <span class='ocrx_word' id='word_1_137' title='bbox 1027 2230 1071 2295; x_wconf 88' lang='lat' dir='ltr'><strong>ad</strong></span> <span class='ocrx_word' id='word_1_138' title='bbox 1086 2230 1135 2293; x_wconf 92' lang='lat' dir='ltr'><strong>di-</strong></span> 
     </span>
     <span class='ocr_line' id='line_1_20' title="bbox 223 2333 1135 2422; baseline -0.002 -23"><span class='ocrx_word' id='word_1_139' title='bbox 223 2333 368 2399; x_wconf 86' lang='lat' dir='ltr'><strong>cendum</strong></span> <span class='ocrx_word' id='word_1_140' title='bbox 389 2334 501 2399; x_wconf 83' lang='lat' dir='ltr'><strong>fnisse.</strong></span> <span class='ocrx_word' id='word_1_141' title='bbox 547 2335 593 2398; x_wconf 88' lang='lat' dir='ltr'><strong>Et</strong></span> <span class='ocrx_word' id='word_1_142' title='bbox 613 2336 678 2415; x_wconf 91' lang='lat' dir='ltr'><strong>ille,</strong></span> <span class='ocrx_word' id='word_1_143' title='bbox 700 2336 757 2401; x_wconf 83' lang='lat' dir='ltr'><strong>Sic</strong></span> <span class='ocrx_word' id='word_1_144' title='bbox 779 2358 918 2422; x_wconf 88' lang='lat' dir='ltr'><strong>prorsus,</strong></span> <span class='ocrx_word' id='word_1_145' title='bbox 932 2337 1052 2419; x_wconf 89' lang='lat' dir='ltr'><strong>inquit,</strong></span> <span class='ocrx_word' id='word_1_146' title='bbox 1068 2335 1135 2398; x_wconf 84' lang='lat' dir='ltr'><strong>exi·</strong></span> 
     </span>
     <span class='ocr_line' id='line_1_21' title="bbox 225 2439 1135 2527; baseline 0.003 -24"><span class='ocrx_word' id='word_1_147' title='bbox 225 2440 343 2521; x_wconf 81' lang='lat' dir='ltr'><strong>stIm03</strong></span> <span class='ocrx_word' id='word_1_148' title='bbox 365 2445 466 2523; x_wconf 87' lang='lat' dir='ltr'><strong>atque</strong></span> <span class='ocrx_word' id='word_1_149' title='bbox 483 2439 586 2504; x_wconf 92' lang='lat' dir='ltr'><strong>istum</strong></span> <span class='ocrx_word' id='word_1_150' title='bbox 602 2440 644 2503; x_wconf 91' lang='lat' dir='ltr'><strong>de</strong></span> <span class='ocrx_word' id='word_1_151' title='bbox 665 2441 887 2527; x_wconf 87' lang='lat' dir='ltr'><strong>superioribus</strong></span> <span class='ocrx_word' id='word_1_152' title='bbox 902 2462 1008 2526; x_wconf 84' lang='lat' dir='ltr'><strong>poene</strong></span> <span class='ocrx_word' id='word_1_153' title='bbox 1024 2440 1135 2506; x_wconf 88' lang='lat' dir='ltr'><strong>solum</strong></span> 
     </span>
     <span class='ocr_line' id='line_1_22' title="bbox 224 2544 1135 2631; baseline -0.001 -22"><span class='ocrx_word' id='word_1_154' title='bbox 224 2544 309 2631; x_wconf 79' lang='lat' dir='ltr'><strong>lego.</strong></span> <span class='ocrx_word' id='word_1_155' title='bbox 354 2544 462 2610; x_wconf 91' lang='lat' dir='ltr'><strong>Immo</strong></span> <span class='ocrx_word' id='word_1_156' title='bbox 478 2544 587 2630; x_wconf 84' lang='lat' dir='ltr'><strong>plane,</strong></span> <span class='ocrx_word' id='word_1_157' title='bbox 602 2546 751 2629; x_wconf 85' lang='lat' dir='ltr'><strong>inquam,</strong></span> <span class='ocrx_word' id='word_1_158' title='bbox 767 2546 878 2626; x_wconf 84' lang='lat' dir='ltr'><strong>Brute,</strong></span> <span class='ocrx_word' id='word_1_159' title='bbox 893 2545 985 2631; x_wconf 83' lang='lat' dir='ltr'><strong>legas</strong></span> <span class='ocrx_word' id='word_1_160' title='bbox 1006 2566 1135 2609; x_wconf 90' lang='lat' dir='ltr'><strong>censeo.</strong></span> 
     </span>
     <span class='ocr_line' id='line_1_23' title="bbox 225 2649 1135 2718; baseline -0.003 -1"><span class='ocrx_word' id='word_1_161' title='bbox 225 2649 397 2718; x_wconf 79' lang='lat' dir='ltr'><strong>Damnum</strong></span> <span class='ocrx_word' id='word_1_162' title='bbox 420 2652 510 2716; x_wconf 92' lang='lat' dir='ltr'><strong>enim</strong></span> <span class='ocrx_word' id='word_1_163' title='bbox 526 2651 612 2715; x_wconf 89' lang='lat' dir='ltr'><strong>illius</strong></span> <span class='ocrx_word' id='word_1_164' title='bbox 635 2653 816 2715; x_wconf 87' lang='lat' dir='ltr'><strong>immaturo</strong></span> <span class='ocrx_word' id='word_1_165' title='bbox 838 2652 972 2715; x_wconf 89' lang='lat' dir='ltr'><strong>interitu</strong></span> <span class='ocrx_word' id='word_1_166' title='bbox 993 2673 1043 2715; x_wconf 88' lang='lat' dir='ltr'><strong>res</strong></span> <span class='ocrx_word' id='word_1_167' title='bbox 1068 2651 1135 2716; x_wconf 87' lang='lat' dir='ltr'><strong>Ro·</strong></span> 
     </span>
    </p>
   </div>
   <div class='ocr_carea' id='block_1_3' title="bbox 225 2756 1266 2948">
    <p class='ocr_par' dir='ltr' id='par_1_3' title="bbox 225 2756 1266 2948">
     <span class='ocr_line' id='line_1_24' title="bbox 226 2756 1266 2842; baseline -0.004 -19"><span class='ocrx_word' id='word_1_168' title='bbox 226 2776 346 2823; x_wconf 83' lang='lat' dir='ltr'><strong>menae</strong></span> <span class='ocrx_word' id='word_1_169' title='bbox 377 2756 585 2840; x_wconf 84' lang='lat' dir='ltr'><strong>Latinaeque</strong></span> <span class='ocrx_word' id='word_1_170' title='bbox 615 2756 730 2820; x_wconf 88' lang='lat' dir='ltr'><strong>literae</strong></span> <span class='ocrx_word' id='word_1_171' title='bbox 760 2756 915 2822; x_wconf 87' lang='lat' dir='ltr'><strong>lecerunt.</strong></span> <span class='ocrx_word' id='word_1_172' title='bbox 961 2757 1033 2821; x_wconf 85' lang='grc'><strong>126.</strong></span> <span class='ocrx_word' id='word_1_173' title='bbox 1063 2757 1135 2821; x_wconf 92' lang='lat' dir='ltr'><strong>Uti·</strong></span> <span class='ocrx_word' id='word_1_174' title='bbox 1265 2777 1266 2842; x_wconf 37' lang='lat' dir='ltr'><strong>l</strong></span> 
     </span>
     <span class='ocr_line' id='line_1_25' title="bbox 225 2860 1266 2948; baseline -0.001 -22"><span class='ocrx_word' id='word_1_175' title='bbox 225 2882 306 2927; x_wconf 80' lang='lat' dir='ltr'><strong>nam</strong></span> <span class='ocrx_word' id='word_1_176' title='bbox 322 2882 390 2925; x_wconf 91' lang='lat' dir='ltr'><strong>non</strong></span> <span class='ocrx_word' id='word_1_177' title='bbox 404 2866 476 2925; x_wconf 87' lang='lat' dir='ltr'><strong>tam</strong></span> <span class='ocrx_word' id='word_1_178' title='bbox 498 2860 588 2925; x_wconf 80' lang='lat' dir='ltr'><strong>fratri</strong></span> <span class='ocrx_word' id='word_1_179' title='bbox 610 2862 769 2946; x_wconf 87' lang='lat' dir='ltr'><strong>pietatem</strong></span> <span class='ocrx_word' id='word_1_180' title='bbox 785 2884 888 2945; x_wconf 88' lang='lat' dir='ltr'><strong>quam</strong></span> <span class='ocrx_word' id='word_1_181' title='bbox 904 2863 1030 2947; x_wconf 88' lang='lat' dir='ltr'><strong>patriae</strong></span> <span class='ocrx_word' id='word_1_182' title='bbox 1046 2883 1136 2948; x_wconf 88' lang='lat' dir='ltr'><strong>prae·</strong></span> <span class='ocrx_word' id='word_1_183' title='bbox 1265 2875 1266 2882; x_wconf 74' lang='grc'>’</span> 
     </span>
    </p>
   </div>
   <div class='ocr_carea' id='block_1_4' title="bbox 225 2963 1137 3575">
    <p class='ocr_par' dir='ltr' id='par_1_4' title="bbox 225 2963 1137 3575">
     <span class='ocr_line' id='line_1_26' title="bbox 226 2963 1136 3051; baseline -0.003 -19"><span class='ocrx_word' id='word_1_184' title='bbox 226 2974 312 3032; x_wconf 86' lang='lat' dir='ltr'><strong>stare</strong></span> <span class='ocrx_word' id='word_1_185' title='bbox 339 2963 514 3031; x_wconf 85' lang='lat' dir='ltr'><strong>voluisset!</strong></span> <span class='ocrx_word' id='word_1_186' title='bbox 555 2964 671 3044; x_wconf 81' lang='lat' dir='ltr'><strong>Quam</strong></span> <span class='ocrx_word' id='word_1_187' title='bbox 699 2966 754 3029; x_wconf 89' lang='lat' dir='ltr'><strong>ille</strong></span> <span class='ocrx_word' id='word_1_188' title='bbox 781 2965 876 3031; x_wconf 80' lang='lat' dir='ltr'><strong>facile</strong></span> <span class='ocrx_word' id='word_1_189' title='bbox 905 2966 966 3031; x_wconf 87' lang='lat' dir='ltr'><strong>tali</strong></span> <span class='ocrx_word' id='word_1_190' title='bbox 991 2968 1136 3051; x_wconf 88' lang='lat' dir='ltr'><strong>ingenio,</strong></span> 
     </span>
     <span class='ocr_line' id='line_1_27' title="bbox 226 3069 1136 3155; baseline -0.002 -18"><span class='ocrx_word' id='word_1_191' title='bbox 226 3073 352 3138; x_wconf 88' lang='lat' dir='ltr'><strong>diutius</strong></span> <span class='ocrx_word' id='word_1_192' title='bbox 374 3072 403 3136; x_wconf 91' lang='lat' dir='ltr'><strong>si</strong></span> <span class='ocrx_word' id='word_1_193' title='bbox 423 3072 566 3151; x_wconf 86' lang='lat' dir='ltr'><strong>vixisset,</strong></span> <span class='ocrx_word' id='word_1_194' title='bbox 582 3069 635 3135; x_wconf 86' lang='lat' dir='ltr'><strong>vel</strong></span> <span class='ocrx_word' id='word_1_195' title='bbox 650 3078 822 3155; x_wconf 85' lang='lat' dir='ltr'><strong>paternam</strong></span> <span class='ocrx_word' id='word_1_196' title='bbox 838 3077 926 3136; x_wconf 86' lang='lat' dir='ltr'><strong>esset</strong></span> <span class='ocrx_word' id='word_1_197' title='bbox 940 3070 992 3134; x_wconf 89' lang='lat' dir='ltr'><strong>vel</strong></span> <span class='ocrx_word' id='word_1_198' title='bbox 1010 3072 1136 3135; x_wconf 86' lang='lat' dir='ltr'><strong>avitam</strong></span> 
     </span>
     <span class='ocr_line' id='line_1_28' title="bbox 226 3173 1136 3262; baseline 0 -23"><span class='ocrx_word' id='word_1_199' title='bbox 226 3176 366 3262; x_wconf 77' lang='lat' dir='ltr'><strong>gloriam</strong></span> <span class='ocrx_word' id='word_1_200' title='bbox 387 3173 603 3241; x_wconf 86' lang='lat' dir='ltr'><strong>consecutus!</strong></span> <span class='ocrx_word' id='word_1_201' title='bbox 642 3175 844 3258; x_wconf 85' lang='lat' dir='ltr'><strong>Eloquentia</strong></span> <span class='ocrx_word' id='word_1_202' title='bbox 866 3176 1001 3259; x_wconf 90' lang='lat' dir='ltr'><strong>quidem</strong></span> <span class='ocrx_word' id='word_1_203' title='bbox 1024 3176 1136 3239; x_wconf 87' lang='lat' dir='ltr'><strong>nescio</strong></span> 
     </span>
     <span class='ocr_line' id='line_1_29' title="bbox 227 3280 1137 3365; baseline -0.002 -22"><span class='ocrx_word' id='word_1_204' title='bbox 227 3301 272 3343; x_wconf 86' lang='lat' dir='ltr'><strong>an</strong></span> <span class='ocrx_word' id='word_1_205' title='bbox 294 3282 465 3345; x_wconf 83' lang='lat' dir='ltr'><strong>habuisset</strong></span> <span class='ocrx_word' id='word_1_206' title='bbox 486 3301 598 3365; x_wconf 86' lang='lat' dir='ltr'><strong>parem</strong></span> <span class='ocrx_word' id='word_1_207' title='bbox 620 3280 798 3344; x_wconf 84' lang='lat' dir='ltr'><strong>neminem.</strong></span> <span class='ocrx_word' id='word_1_208' title='bbox 845 3280 989 3344; x_wconf 85' lang='lat' dir='ltr'><strong>Grandis</strong></span> <span class='ocrx_word' id='word_1_209' title='bbox 1005 3286 1054 3342; x_wconf 89' lang='lat' dir='ltr'><strong>est</strong></span> <span class='ocrx_word' id='word_1_210' title='bbox 1069 3300 1137 3342; x_wconf 89' lang='lat' dir='ltr'><strong>ver·</strong></span> 
     </span>
     <span class='ocr_line' id='line_1_30' title="bbox 225 3385 1136 3471; baseline 0 -24"><span class='ocrx_word' id='word_1_211' title='bbox 225 3386 278 3449; x_wconf 91' lang='lat' dir='ltr'><strong>bis</strong></span> <span class='ocrx_word' id='word_1_212' title='bbox 301 3387 433 3471; x_wconf 87' lang='lat' dir='ltr'><strong>sapiens</strong></span> <span class='ocrx_word' id='word_1_213' title='bbox 455 3385 626 3449; x_wconf 83' lang='lat' dir='ltr'><strong>sententiis</strong></span> <span class='ocrx_word' id='word_1_214' title='bbox 642 3406 759 3470; x_wconf 83' lang='lat' dir='ltr'><strong>genere</strong></span> <span class='ocrx_word' id='word_1_215' title='bbox 773 3389 846 3448; x_wconf 89' lang='lat' dir='ltr'><strong>toto</strong></span> <span class='ocrx_word' id='word_1_216' title='bbox 861 3385 988 3470; x_wconf 85' lang='lat' dir='ltr'><strong>gravis:</strong></span> <span class='ocrx_word' id='word_1_217' title='bbox 1014 3403 1136 3447; x_wconf 87' lang='lat' dir='ltr'><strong>manus</strong></span> 
     </span>
     <span class='ocr_line' id='line_1_31' title="bbox 227 3487 1137 3575; baseline -0.001 -23"><span class='ocrx_word' id='word_1_218' title='bbox 227 3495 375 3555; x_wconf 81' lang='lat' dir='ltr'><strong>extrema</strong></span> <span class='ocrx_word' id='word_1_219' title='bbox 391 3510 459 3555; x_wconf 93' lang='lat' dir='ltr'><strong>non</strong></span> <span class='ocrx_word' id='word_1_220' title='bbox 475 3490 614 3555; x_wconf 84' lang='lat' dir='ltr'><strong>accessit</strong></span> <span class='ocrx_word' id='word_1_221' title='bbox 629 3490 782 3575; x_wconf 89' lang='lat' dir='ltr'><strong>operibus</strong></span> <span class='ocrx_word' id='word_1_222' title='bbox 797 3489 887 3574; x_wconf 90' lang='lat' dir='ltr'><strong>ejus:</strong></span> <span class='ocrx_word' id='word_1_223' title='bbox 909 3488 1072 3575; x_wconf 86' lang='lat' dir='ltr'><strong>praeclare</strong></span> <span class='ocrx_word' id='word_1_224' title='bbox 1087 3487 1137 3551; x_wconf 92' lang='lat' dir='ltr'><strong>in·</strong></span> 
     </span>
    </p>
   </div>
   <div class='ocr_carea' id='block_1_5' title="bbox 0 0 1290 4117">
    <p class='ocr_par' dir='ltr' id='par_1_5' title="bbox 0 0 1290 4117">
     <span class='ocr_line' id='line_1_32' title="bbox 0 0 1290 4117; baseline 0 0"><span class='ocrx_word' id='word_1_225' title='bbox 0 0 1290 4117; x_wconf 95' lang='lat' dir='ltr'><strong> </strong></span> 
     </span>
    </p>
   </div>
  </div>
 </body>
</html>
