2542 4117
444 332 581 377 esurus.
626 332 697 375 cnr.
718 330 773 375 nv.
1020 306 1065 376 73

145 486 249 571 idqde
264 486 368 551 etiam
383 485 479 552 vultu
494 487 631 571 probare
643 484 827 565 videantur,
839 491 898 550 ant
913 490 951 549 nt
967 503 1064 550 avem

146 599 252 657 cautu
275 593 388 676 aliquo
404 592 453 656 sic
467 591 541 656 illos
564 589 682 654 viderit
704 591 854 655 oratione
873 592 971 674 qnasi
994 611 1065 654 sus·

146 718 272 783 pensos
297 698 412 776 teneri,
440 702 502 761 aut
525 696 570 771 id,
599 696 690 779 qnod
716 697 864 760 maxime
890 718 975 781 opus
1004 703 1065 775 est,

146 802 374 867 misericordia
391 801 468 866 odio
485 807 582 865 motu
597 802 703 865 animi
726 801 838 884 aliquo
856 804 1064 886 perturbatos

146 928 220 972 esse
245 908 494 987 vehementius;
515 928 556 969 ea
580 907 608 970 si
630 907 839 990 praeteriens,
854 913 894 970 ut
915 906 993 984 dixi,
1008 903 1065 969 ad·

147 1014 301 1097 spexerit,
317 1013 344 1076 si
364 1012 446 1076 nihil
469 1010 619 1090 audierit,
634 1018 748 1074 tamen
765 1017 928 1075 oratorem
944 1008 1066 1073 versari

145 1117 182 1184 iu
208 1117 267 1181 illo
291 1117 419 1201 judicio
441 1122 476 1180 et
499 1138 585 1201 opus
610 1116 791 1179 oratorium
817 1114 888 1180 fieri
911 1121 972 1180 aut
995 1135 1065 1200 per·

144 1220 274 1288 fectum
288 1222 361 1306 jam
377 1243 449 1285 esse
465 1220 611 1306 prolecto
627 1220 797 1306 intelliget

192 1326 270 1392 LV.
315 1328 388 1391 201.
423 1328 511 1391 Cum
546 1328 628 1391 haec
658 1327 896 1406 disseruissem‚
925 1332 1065 1409 uterque

146 1453 306 1497 assensus
327 1438 387 1512 est,
403 1440 437 1497 et
452 1454 515 1518 ego
530 1439 707 1515 tamquam
722 1431 764 1496 de
778 1433 908 1517 integro
923 1432 1065 1512 ordiens,

150 1537 301 1616 Quando
317 1539 427 1623 igitur,
443 1539 592 1621 inquam,
608 1559 629 1601 a
648 1537 750 1601 Cotta
765 1544 799 1601 et
816 1537 965 1623 Sulpicio
983 1538 1066 1601 haec

146 1644 259 1708 omnis
275 1641 372 1706 fluxit
387 1644 501 1721 oratio,
517 1664 594 1707 curn
612 1643 673 1706 hos
688 1643 835 1706 maxime
851 1643 978 1727 judicio
994 1642 1065 1705 illo·

145 1767 221 1812 rum
237 1748 414 1811 hominum
430 1754 465 1811 et
483 1747 572 1811 illius
588 1747 709 1811 aetatis
725 1746 882 1810 dixissem
898 1749 1066 1831 probatos,

145 1860 288 1922 revertar
315 1853 360 1916 ad
386 1874 444 1916 cos
464 1852 573 1937 ipsos:
595 1860 669 1916 tum
692 1851 843 1934 reliquos,
865 1857 905 1915 ut
924 1850 1065 1931 institui,

146 1956 305 2043 deinceps
336 1977 520 2042 persequar.
580 1956 755 2035 Quoniam
786 1976 864 2041 ergo
895 1960 1064 2021 oratorum

145 2063 311 2128 bonorum
331 2063 407 2147 (hos
422 2063 513 2126 enirn
528 2062 735 2146 quaerimus)
755 2060 822 2125 duo
838 2082 960 2146 genera
975 2066 1065 2141 sunt,

145 2187 254 2230 nuum
280 2172 453 2231 attenuate
477 2187 653 2252 presseque
676 2166 817 2230 alterum
840 2165 971 2229 sublate
994 2186 1065 2228 am·

145 2270 267 2356 pleque
283 2271 484 2351 dicentiurn;
507 2272 570 2335 etsi
590 2271 625 2334 id
642 2270 761 2334 melius
776 2277 836 2349 cst,
851 2270 942 2354 quod
958 2270 1065 2355 splen·

145 2376 259 2442 didius
275 2383 310 2440 et
326 2375 604 2462 magnificentius,
622 2382 737 2439 tamen
759 2377 795 2439 in
818 2377 915 2440 bonis
938 2377 1064 2456 omnia,

145 2503 234 2565 quae
266 2502 401 2546 summa
431 2487 519 2560 sunt,
544 2482 617 2565 jure
644 2480 831 2545 laudantur.
886 2481 961 2544 202.
994 2480 1064 2545 Sed

146 2587 297 2652 cavenda
313 2593 363 2651 est
379 2608 492 2672 presso
507 2586 554 2650 illi
571 2587 691 2650 oratori
713 2586 828 2671 inopia
851 2592 885 2649 et
904 2587 1064 2670 jejunitas

146 2693 261 2777 amplo
292 2701 407 2757 autem
436 2691 594 2756 inflatum
625 2698 659 2755 et
683 2697 874 2776 corruptum
903 2691 1064 2755 orationis

146 2818 263 2882 genus.
309 2798 506 2861 Inveniebat
529 2797 630 2882 igitur
654 2802 752 2860 acute
787 2795 899 2875 Cotta,
930 2795 1065 2862 dicebat

145 2923 226 2987 pure
258 2924 299 2966 ac
328 2903 446 2982 solute,
471 2908 506 2966 et
528 2909 568 2966 ut
594 2902 637 2965 ad
661 2901 891 2965 infirmitatem
920 2901 1062 2966 laterum

145 3008 344 3091 perscienter
368 3007 616 3071 contentionem
642 3027 777 3070 omnem
806 3007 986 3084 remiserat,
1013 3006 1063 3069 sic

145 3110 190 3180 ad
210 3112 332 3176 virium
356 3111 618 3176 imbecillitatem
634 3111 766 3174 dicendi
782 3109 1063 3175 accommodabat

144 3237 263 3301 genus.
310 3216 404 3280 Nibil
427 3217 546 3280 eratin
562 3216 634 3299 ejus
651 3215 803 3279 oratione
819 3215 882 3277 nisi
895 3215 1061 3279 sincerum

144 3321 228 3388 nibil
253 3322 317 3384 nisi
344 3322 471 3385 siccum
493 3327 594 3404 atque
619 3340 760 3400 sanum;
781 3320 930 3403 illudque
955 3321 1062 3385 maxi·

144 3447 252 3505 mum,
279 3426 379 3509 quod,
406 3447 484 3516 cum
507 3426 721 3490 contentione
749 3425 907 3489 orationis
930 3423 1061 3491 flectere

144 3532 280 3596 animos
302 3531 456 3617 judicum
482 3532 539 3596 vix
560 3537 673 3615 posset
694 3551 757 3594 nec
779 3530 917 3594 omnino
941 3550 981 3593 eo
1005 3552 1061 3617 ge·
