2542 4117
412 336 549 380 usurus.
594 337 665 380 cnr.
688 338 792 381 xcvn.
1000 318 1063 383 131

145 491 207 556 illa
236 496 334 555 vetus
365 489 551 555 Academia
580 496 682 574 atque
707 491 778 575 ejus
807 490 900 556 heres
926 492 1066 572 Aristus,

148 596 273 681 hospes
295 601 329 659 et
347 595 520 659 familiaris
535 617 642 677 meus,
658 597 687 660 si
702 596 838 680 quidem
855 598 979 662 similes
994 620 1065 663 ma·

143 703 228 787 joris
244 701 347 787 partis
363 706 532 764 oratomm
547 701 651 765 futuri
666 701 807 767 sumus?
844 702 917 766 333.
941 703 1065 767 Nonne

149 807 319 871 cernimus
342 806 397 869 vix
427 806 568 892 singulis
597 808 764 871 aetatibus
794 808 891 871 binos
921 814 1065 872 oratores

149 910 338 976 laudabiles
363 909 575 975 constitisse?
616 911 726 976 Galba
747 911 812 975 suit
831 913 917 976 inter
938 918 990 976 tot
1012 933 1066 976 ae·

150 1016 268 1099 quales
290 1036 379 1079 unus
401 1014 573 1094 excellens,
588 1017 653 1096 eui,
668 1016 952 1100 quemadmodum
974 1037 1067 1081 acce·

150 1122 275 1207 pimus,
291 1126 325 1183 et
343 1120 429 1184 Cato
445 1119 585 1184 cedebat
599 1121 708 1184 senior
722 1127 766 1200 et,
780 1122 840 1204 qui
860 1123 1066 1207 temporibus

149 1226 217 1289 illis
233 1231 344 1289 aetate
358 1225 526 1289 inferiores
540 1224 691 1290 fuerunt:
714 1225 864 1311 Lepidus
879 1233 996 1311 postea
1011 1225 1066 1290 de·

150 1329 232 1394 iude
258 1329 385 1393 Carbo:
407 1351 488 1394 nam
507 1329 650 1394 Gracchi
671 1331 706 1395 in
729 1333 945 1395 concionibus
961 1331 1067 1395 multo

150 1434 299 1500 faciliore
322 1439 356 1498 et
376 1434 525 1498 liberiore
548 1456 667 1520 genere
689 1436 831 1517 dicendi,
854 1458 995 1520 quorum
1017 1444 1068 1502 ta·

151 1560 234 1606 men
257 1540 406 1624 ipsomm
430 1539 473 1603 ad
497 1546 644 1604 aetatem
666 1541 740 1605 laus
763 1541 972 1626 eloquentiae
999 1563 1069 1628 per·

151 1644 243 1710 fecta
257 1644 409 1708 nondum
424 1644 505 1709 suit:
528 1646 698 1711 Antonius
717 1646 857 1710 Crassus
873 1653 950 1732 post
967 1647 1070 1711 Cotta

155 1749 328 1834 Sulpicius
345 1748 553 1814 Hortensius.
598 1750 688 1814 Nihil
713 1750 788 1814 dieo
811 1751 974 1836 amplius:
996 1757 1070 1815 tan·

152 1863 231 1921 tum
258 1855 344 1935 dieo,
374 1856 402 1920 si
429 1857 512 1919 mihi
538 1857 724 1935 accidisset,
752 1863 792 1921 ut
820 1877 1008 1920 numerarer
1034 1857 1070 1921 in

153 1961 272 2027 multis
294 2006 398 2041 ....,
421 1962 450 2025 si
477 1982 616 2046 operosa
642 1966 694 2025 est
723 1962 930 2025 concursatio
961 1961 1070 2047 magis

154 2066 445 2152 opportunorum,l
468 2113 476 2129 .
493 2113 500 2129 .
517 2113 548 2130 ..

361 2302 374 2328 ⁶
390 2303 437 2354 Ed.
448 2303 530 2354 Princ.
542 2305 592 2354 and
603 2304 704 2369 Meyer:
721 2304 863 2370 optimorum.
