2542 4117
409 337 545 380 saurus.
589 337 660 380 cae.
683 335 757 379 vm.
995 311 1038 380 ll

122 616 289 679 mumque
315 602 389 659 turn
417 595 636 680 philosophia,
661 616 728 658 non
759 594 816 658 illa
844 594 953 657 dena
955 600 1040 676 tura,

123 722 216 788 quae
226 700 339 784 „iu-erat,
359 701 533 785 antiquior,
549 701 606 763 sed
624 700 765 779 haec,1n
789 720 857 783 qua
879 698 920 762 de
942 700 1040 764 bonis

122 808 224 870 rebus
247 812 281 869 et
303 805 401 869 malis
422 805 528 889 deque
553 805 726 869 hominum
741 789 811 868 vita
835 810 869 868 et
892 807 1040 869 moribus

123 910 327 995 disputatur,
341 911 478 974 inventa
500 910 628 974 dicitur.
677 909 780 987 Quod
802 910 962 993 quoniam
984 930 1041 994 ge·

124 1036 192 1079 nus
208 1018 251 1079 ab
268 1016 340 1095 hoc,
355 1015 444 1098 quod
461 1015 705 1100 proposuimus,
718 1015 878 1093 abhorret,
897 1014 1040 1099 philoso-

123 1121 212 1206 phos
234 1120 326 1184 aliud
347 1121 381 1184 in
396 1125 530 1204 tempus
551 1115 758 1205 rejiciamus:
781 1119 824 1184 ad
847 1126 1001 1196 oratores,
1017 1138 1040 1183 a

123 1227 249 1308 quibus
271 1226 408 1311 digressi
432 1246 558 1304 sumus,
573 1229 782 1288 revertamur.
826 1223 877 1288 32.
902 1224 1041 1289 Exstitit

122 1331 229 1415 igitur
240 1330 550 1414 ja—m—senibusillis,
561 1351 646 1413 quos
662 1329 774 1415 paullo
790 1335 868 1392 ante
884 1328 1039 1408 diximus,
1105 1324 1115 1338 “

126 1435 301 1528 Iqouates,
323 1436 418 1520 cujus
445 1434 566 1498 domus
589 1440 732 1497 cunctae
758 1434 919 1498 Graeciae
941 1434 1041 1518 quasi

123 1521 227 1603 lu'dn's
245 1540 382 1623 quidam
399 1540 508 1626 patuit
530 1545 631 1621 atque
647 1538 783 1602 officina
797 1539 946 1620 dicendi;
969 1561 1041 1603 ma·

125 1665 215 1729 gnus
253 1650 362 1708 orator
385 1649 419 1708 et
449 1643 611 1729 perlectus
641 1645 809 1729 magister,
831 1664 1040 1727 quamquam

124 1751 250 1814 forensi
274 1749 346 1813 luce
372 1750 478 1813 caruit
500 1749 654 1832 intraque
681 1750 821 1833 parietes
847 1747 931 1812 aluit
962 1768 1040 1811 eam

127 1854 279 1939 gloriam,
308 1874 412 1937 quam
439 1874 538 1917 nemo
563 1874 640 1917 meo
670 1852 805 1935 quidem
833 1852 959 1936 judicio
989 1856 1041 1916 est

127 1966 247 2044 postea
262 1965 469 2023 consecutus.
506 1959 538 2022 ls
550 1964 585 2022 et
598 1960 670 2044 ipse
682 1958 811 2042 scripsit
826 1957 932 2021 multa
949 1978 1041 2041 prae·

126 2064 223 2144 clare,
235 2070 269 2129 et
283 2065 397 2130 docuit
412 2064 514 2128 alios:
534 2070 568 2127 et
583 2085 660 2128 cum
677 2069 785 2127 cetera
801 2061 921 2128 melius
936 2080 1040 2146 quam

125 2171 310 2255 superiores
332 2177 407 2234 turn
431 2169 557 2254 primus
576 2168 740 2232 intellexit
760 2168 888 2232 etiam
878 2188 913 2231 m
930 2167 1041 2231 soluta

125 2276 270 2398 orapiqp
258 2296 290 2384 e,
297 2275 379 2338 dum
395 2296 525 2337 versum
538 2273 708 2359 effugeres,
721 2272 860 2336 modum
875 2277 989 2336 tamen
1007 2277 1042 2336 et

125 2351 303 2445 nume'iuin
332 2380 503 2465 quendam
524 2385 674 2463 oportere
701 2379 830 2442 servari
873 2377 925 2441 33.
951 2378 1041 2441 Ante

125 2486 217 2550 hunc
232 2487 321 2549 enim
338 2487 511 2548 verborum
527 2484 627 2566 quasi
647 2488 810 2546 structura
825 2487 859 2545 et
873 2483 1041 2565 quaedam

126 2591 171 2655 ad
187 2611 363 2655 numerum
381 2590 550 2654 conclusio
566 2588 657 2652 nulla
672 2594 760 2651 erat:
783 2593 843 2651 aut
863 2586 1041 2670 siquando

126 2703 207 2775 erat,
222 2717 290 2760 non
307 2698 488 2782 apparebat
509 2716 585 2758 eam
602 2694 716 2757 dedita
731 2714 831 2779 opera
848 2714 919 2755 esse
941 2712 1042 2776 quae·

126 2802 248 2870 sitam:
263 2823 351 2884 quae
366 2799 501 2865 forsitan
516 2800 590 2863 laus
602 2800 663 2863 sit:
680 2804 908 2862 verumtamen
922 2803 1042 2861 natura

126 2908 238 2993 magis
260 2913 334 2970 turn
357 2927 505 2989 casuque
525 2925 769 2987 nonnunquam
785 2923 887 2986 quam
912 2908 972 2965 aut
991 2922 1042 2965 ra·

125 3014 221 3078 tione
248 3012 360 3096 aliqua
382 3017 443 3075 aut
465 3012 694 3075 observatione
720 3008 830 3073 fiebat
886 3007 938 3070 34.
964 3007 1042 3090 Ipsa

127 3121 219 3183 enim
241 3126 361 3182 natura
383 3117 683 3201 circumscriptione
704 3114 851 3197 quadam
866 3112 1041 3175 verborum

127 3223 380 3309 comprehendit
391 3222 623 3303 concluditque
634 3219 852 3297 sententiam3
865 3235 1041 3299 quaecum

128 3330 216 3414 aptis
231 3329 409 3392 constricta
428 3327 533 3390 verbis
549 3331 608 3405 est,
624 3325 714 3388 cadit
728 3324 831 3387 etiam
848 3322 1041 3414 plerumque

128 3454 313 3497 numerose.
371 3432 462 3496 Nam
488 3435 522 3493 et
542 3451 638 3493 aures
668 3430 770 3514 ipsae,
796 3427 877 3511 quid
903 3425 1040 3512 plenum

129 3538 210 3622 quid
225 3539 325 3601 inane
341 3538 393 3617 sit,
412 3536 582 3621 judicant3
608 3542 642 3600 et
657 3535 774 3619 spiritu
789 3532 885 3616 quasi
900 3531 1041 3596 necessi·
