2542 4117
225 310 289 378 110
470 332 605 377 saurus.
650 333 720 377 cnr.
743 334 889 378 cxxxrn.

224 484 291 550 ris?
339 484 377 549 Si
404 485 559 569 aliquem,
580 487 679 550 ceteri
706 506 785 572 ergo
815 486 926 551 Attice
954 508 1021 552 non
1048 488 1139 551 dice·

223 591 315 654 baut
363 590 403 655 Si
418 612 544 670 omnes,
560 592 618 674 qui
642 597 747 677 potes,
762 613 840 655 oum
864 593 931 655 sint
954 593 1019 677 ipsi
1042 593 1141 656 dissi-

224 694 357 758 millimi
381 696 466 759 inter
489 695 548 759 sei
593 696 632 759 In
655 717 722 779 quo
750 697 853 760 etiam
875 696 981 760 illud*
1003 718 1141 780 quaero,

225 798 402 864 Phalereus
418 799 472 863 ille
490 800 679 864 Demetrius
697 802 851 865 Atticene
867 801 1008 864 dixerit?
1052 801 1142 865 Mihi

224 904 360 988 quidem
376 926 416 968 ex
432 905 520 969 illius
537 906 742 969 orationibus
763 904 907 969 redolere
922 907 1016 991 ipsae
1035 907 1142 970 Athe·

224 1029 288 1073 nae
318 1010 479 1074 videntur.
527 1011 574 1074 At
601 1016 653 1074 est
682 1009 835 1089 floridior,
865 1016 903 1074 ut
935 1013 984 1074 ita
1013 1013 1141 1092 dicam,

170 1112 171 1115 ’
224 1134 328 1197 quam
357 1112 543 1198 Hyperides
569 1135 675 1197 quam
701 1114 831 1199 Lysias.
878 1115 1009 1179 Natura
1036 1138 1142 1199 quae·

224 1216 304 1281 dam
328 1224 388 1282 aut
409 1218 565 1283 voluntas
586 1220 635 1283 ita
663 1219 794 1283 dicendi
816 1221 890 1284 fuit
937 1220 1142 1287 LXXXIII.

223 1321 297 1387 286.
322 1323 368 1386 Et
393 1323 530 1406 quidem
554 1323 621 1388 duo
645 1325 780 1388 fuerunt
805 1346 862 1411 per
886 1325 979 1389 idem
1001 1332 1141 1412 tempus

223 1426 400 1490 dissimiles
428 1428 513 1492 inter
543 1450 578 1491 se
609 1428 668 1492 sed
697 1429 800 1493 Attici
829 1435 963 1493 tamen:
993 1452 1141 1513 quorum

227 1530 398 1595 Charisius
428 1532 609 1597 multarum
641 1534 839 1613 orationum,
863 1556 949 1618 quas
973 1538 1142 1601 scribebat

224 1635 308 1715 aliis,
324 1657 401 1700 cum
424 1657 542 1721 cupere
558 1637 721 1701 vIderetur
741 1639 865 1701 imitari
890 1639 1049 1724 Lysiam3
1073 1640 1142 1704 De⁴

224 1742 396 1806 mochares
427 1749 550 1820 autem,
580 1742 639 1825 qui
669 1742 735 1806 fuit
768 1742 987 1808 Demostheni
1017 1746 1141 1811 sororis

223 1844 323 1927 filius,
338 1853 372 1910 et
394 1847 559 1911 orationes
575 1847 705 1931 scripsit
728 1846 874 1930 aliquot3
897 1855 931 1912 et
950 1871 1067 1913 earum
1091 1872 1141 1914 re·

223 1970 299 2018 rum
322 1951 502 2030 historiam,
518 1972 605 2033 quae
626 1957 719 2014 erant
743 1952 884 2017 Athenis
899 1954 1005 2038 ipsius
1024 1962 1142 2020 aetate
1263 1949 1264 2012 l

225 2061 349 2141 gestae,
364 2077 431 2119 nou
453 2061 524 2119 tam
548 2056 702 2119 historico
725 2077 828 2139 quarn
851 2058 993 2122 oratorio
1016 2080 1141 2143 genere
1263 2061 1264 2142 f

225 2161 419 2246 perscripsih
466 2160 512 2223 At
530 2159 672 2223 Charisii
687 2161 760 2224 vult
775 2161 941 2247 Hegesias
957 2184 1030 2226 esse
1045 2166 1142 2229 simi·
1263 2147 1264 2226 l

224 2264 275 2343 lis,
290 2266 384 2347 isque
399 2285 434 2327 se
450 2265 498 2327 ita
513 2269 611 2348 putat
632 2266 794 2343 Atticum,
808 2271 848 2330 ut
861 2287 954 2330 veros
968 2267 1042 2331 illos
1058 2291 1141 2353 prae
1263 2315 1264 2332 i

225 2389 260 2432 se
284 2389 389 2453 paene
412 2375 556 2453 agrestes
579 2373 684 2452 putet
728 2370 802 2434 287.
827 2372 873 2434 At
895 2372 1042 2454 quidest
1061 2381 1141 2439 tam

224 2473 367 2537 fractum
388 2478 459 2537 tam
482 2474 652 2537 minutum
667 2479 739 2537 tam
754 2475 789 2537 in
804 2475 887 2560 ipsa,
902 2497 1004 2559 quam
1019 2484 1140 2545 tamen
1263 2469 1264 2544 l

224 2580 445 2661 consequitur,
482 2579 708 2642 concinnitate
741 2579 889 2664 puerile?
947 2583 1139 2652 Atticorum

225 2683 350 2747 similes
377 2704 449 2748 esse
475 2683 641 2747 volumus.
689 2683 835 2768 Optime.
882 2684 1013 2749 Suntne
1035 2689 1141 2773 igitur

226 2788 261 2854 hi
283 2788 390 2852 'Attici
418 2786 585 2851 oratores?
627 2787 714 2865 Quis
741 2809 861 2874 negare
889 2789 1022 2875 potest?
1062 2792 1139 2859 Hos

106 2961 110 2968 ,
224 2894 427 2960 imItamur.¹
455 2891 533 2969 Quo
557 2891 668 2971 modo,
684 2893 742 2975 qui
762 2899 841 2957 sunt
862 2901 897 2958 et
917 2895 1051 2959 interae
1070 2897 1140 2961 dis·

226 2998 351 3062 slmiles
377 3002 410 3061 et
430 2994 593 3060 aliorum?
633 2996 877 3082 Thucydidem,
892 2999 1010 3082 inquit,
1024 3001 1139 3065 imita·

225 3125 308 3168 mur.
356 3102 504 3187 Optime,
519 3101 548 3163 si
571 3101 743 3165 historiam
765 3103 903 3166 scribere
925 3125 992 3168 non
1008 3105 1038 3168 si
1056 3128 1138 3171 cau·

226 3231 281 3273 sas
310 3208 417 3272 dicere
447 3204 610 3291 cogitatis
667 3205 879 3292 Thucydides
905 3209 995 3271 enim
1025 3231 1137 3278 rerum

225 3321 394 3400 gestarum
416 3311 646 3396 pronuntiator
666 3311 811 3376 sincerus
826 3318 861 3376 et
874 3314 1008 3399 grandis
1031 3316 1138 3384 etiam

379 3553 382 3558 ·
477 3546 849 3617 faursnazuuaaaa
