2542 4117
211 310 276 378 130
472 332 606 376 saurus.
652 333 722 377 cir.
745 334 851 378 xcvn.

211 485 306 549 nium
328 505 479 549 meorum
500 485 541 549 de
555 507 589 549 re
605 486 741 571 publica
762 486 976 551 consiliorum
1000 487 1131 551 darent

213 589 360 655 XCVII.
403 589 477 654 331.
501 590 571 654 Sed
594 592 629 656 in
653 598 687 654 te
714 594 857 672 intuens,
882 592 995 671 Brute,
1018 592 1130 670 doleo,

212 694 308 779 cujus
330 695 364 758 in
387 694 646 759 adolescentiam
666 716 723 780 per
738 696 867 760 medias
888 696 1005 760 laudes
1028 696 1129 778 quasi

212 799 381 885 quadrigis
414 799 589 862 vehentem
621 806 807 864 transversa
837 802 972 864 incurrit
1005 802 1128 863 misera

212 904 346 968 fortuna
359 904 405 968 rei
421 904 581 989 publicae.
627 905 764 969 Hieme
780 905 873 970 dolor
893 906 1027 991 tangit*
1042 907 1128 968 baec

212 1030 268 1073 me
283 1030 362 1073 cura
377 1008 521 1073 solicitat
535 1015 569 1072 et
584 1011 673 1073 hunc
685 1031 818 1074 mecum
832 1012 960 1074 socium
974 1011 1125 1095 ejusdem

212 1120 247 1179 et
269 1115 392 1178 amoris
419 1120 453 1178 et
472 1114 598 1199 judicii.
645 1115 722 1178 Tibi
744 1114 906 1194 favemus,
922 1122 955 1179 te
975 1122 1036 1179 tua
1058 1117 1125 1179 frui

211 1220 334 1284 virtute
359 1220 532 1304 cupimus:
555 1220 616 1283 tibi
636 1226 795 1304 optamus
822 1241 901 1283 eam
923 1242 993 1284 rem
1020 1220 1127 1305 publi·

212 1347 299 1406 eam,
323 1326 359 1389 in
384 1346 453 1407 qua
478 1324 621 1388 duorum
651 1346 809 1409 generum
840 1326 1125 1410 amplissimorum

211 1451 368 1495 renovare
384 1430 581 1494 memoriam
597 1436 699 1512 atque
715 1451 836 1515 augere
852 1432 969 1514 possis.
1010 1431 1125 1494 Tuum

212 1536 303 1600 enim
318 1534 426 1599 iorum
441 1541 540 1599 tuum
556 1542 626 1599 erat
647 1535 729 1599 illud
746 1537 963 1600 curriculum:
984 1542 1024 1599 tu
1047 1536 1127 1600 illuc

160 1658 164 1672 ·
211 1662 349 1705 veneras
374 1662 472 1721 unus,
496 1641 555 1723 qui
578 1662 646 1704 non
671 1641 822 1725 linguam
849 1641 952 1705 modo
977 1643 1125 1705 acuisses

212 1747 446 1811 exercitatione
468 1745 609 1826 dicendi,
624 1745 683 1809 sed
706 1753 740 1810 et
764 1747 873 1831 ipsam
897 1746 1124 1829 eloquentiam

212 1852 482 1938 locupletavisses
503 1852 689 1936 graviorum
706 1852 827 1915 artium
846 1853 1077 1928 instrumento,
1092 1858 1127 1916 et

211 1958 332 2023 iisdem
355 1958 480 2021 artibus
495 1956 597 2019 decus
613 1977 713 2019 omne
736 1956 865 2020 virtutis
889 1978 965 2020 cum
989 1977 1126 2021 summa

213 2063 422 2146 eloquentiae
442 2060 542 2124 laude
560 2061 738 2145 junxisses.
782 2060 856 2124 332.
882 2061 934 2124 Ex
952 2067 986 2124 te
1002 2061 1126 2146 duplex

130 2226 134 2235 .
212 2189 274 2233 nos
300 2165 404 2230 afficit
428 2164 625 2244 sollicitudo,
652 2165 742 2247 quod
769 2167 898 2251 etipse
926 2187 960 2229 re
991 2167 1126 2251 publica

212 2293 324 2336 careas
340 2277 373 2335 et
387 2270 444 2333 illa
457 2276 500 2333 te.
546 2270 601 2333 Tu
623 2276 747 2350 tamen,
763 2271 825 2334 etsi
841 2292 974 2334 cursum
996 2272 1125 2356 ingenii

211 2379 273 2457 tui,
286 2378 397 2455 Brute,
410 2376 529 2460 premit
544 2375 627 2438 haec
638 2376 829 2459 importuna
841 2375 951 2440 clades
967 2378 1124 2457 civitatis,

212 2483 344 2548 contine
366 2487 401 2545 te
415 2482 451 2544 in
466 2481 533 2544 tuis
556 2482 755 2565 perennibus
771 2479 900 2560 studiis,
915 2487 949 2544 et
969 2480 1062 2544 effice
1081 2481 1124 2561 id,

212 2588 303 2673 quod
314 2589 387 2673 jam
402 2586 643 2673 propemodum
658 2585 710 2649 vel
726 2585 824 2669 plane
835 2586 947 2670 potius
960 2585 1125 2667 effeceras,

211 2701 252 2760 ut
273 2700 308 2758 te
332 2693 451 2777 eripias
475 2713 515 2755 ex
540 2712 589 2770 ea,
604 2711 707 2772 quam
723 2711 787 2776 ego
802 2692 954 2775 congessi
977 2692 1012 2753 in
1036 2693 1125 2755 bunc

213 2820 409 2877 sermonem,
430 2799 528 2861 turba
550 2801 772 2880 patronorum.
818 2795 889 2858 Nec
916 2796 1006 2859 enim
1030 2796 1127 2861 decet

212 2911 246 2970 te
273 2901 624 2968 ornatumuberrimis
651 2902 785 2977 artibus,
811 2920 896 2983 quas
922 2923 1001 2965 cum
1022 2902 1125 2967 domo

213 3011 342 3076 haurire
364 3029 432 3072 non
454 3027 578 3091 posses,
593 3005 791 3068 arcessivisti
813 3026 854 3068 ex
876 3008 956 3069 urbe
972 3027 1021 3086 ea,
1037 3028 1125 3090 quae

214 3116 336 3180 domus
352 3119 403 3177 est
418 3132 547 3196 semper
569 3111 684 3173 habita
705 3109 884 3189 doctrinae,
900 3114 1066 3175 numerari
1089 3114 1124 3176 in

214 3222 314 3305 vulgo
338 3225 559 3304 patronorum.
605 3216 695 3279 Nam
710 3213 791 3297 quid
811 3220 843 3278 te
859 3216 1005 3279 exercuit
1028 3217 1125 3280 Pam·

214 3347 339 3403 menes,
354 3325 401 3387 vir
415 3323 513 3406 longe
530 3319 822 3402 eloquentissimus
841 3320 1024 3384 Graeciae?
1042 3322 1124 3404 quid

442 3557 457 3582 '
474 3555 585 3608 Corrado
596 3556 647 3604 and
657 3554 806 3605 Lambinus:
821 3554 894 3620 cupit
