2542 4117
404 327 540 370 sanans.
586 327 657 369 cir.
675 326 779 370 xnvn.
1004 303 1048 369 63

131 477 300 563 periendis
320 479 451 544 solutus
473 482 508 544 in
531 479 734 564 explicandis
760 480 951 545 sententiist
978 484 1049 543 erat

131 588 236 649 etiam
259 587 296 649 in
318 586 434 671 primis
449 591 487 649 ut
502 587 707 672 temporibus
729 586 794 651 illis
813 586 950 651 Graecis
971 587 1048 651 doc·

129 693 226 756 trinis
242 692 437 772 institutum
454 693 489 755 in
505 692 693 757 altercando
709 715 787 757 cum
803 692 916 776 aliquo
931 694 1048 758 aculeo

131 803 166 860 et
188 796 370 860 maledicto
392 797 532 861 facetus.
576 798 650 862 174.
676 797 804 863 Horum
821 800 924 862 aetati
947 820 1047 884 prope

130 902 334 986 conjunctus
358 902 398 966 L.
416 902 543 966 Gellius
560 908 714 967 nontam
734 903 909 967 vendibilis
930 910 1049 985 orator,

130 1028 237 1090 quam
253 1013 294 1071 nt
316 1008 467 1087 nescires,
482 1008 565 1090 qnid
580 1009 611 1071 ei
626 1009 774 1072 deesset:
796 1030 858 1073 neo
872 1011 962 1072 enim
978 1017 1050 1073 erat

129 1112 290 1176 indoctus
306 1113 496 1177 nectardus
512 1113 555 1177 ad
573 1114 830 1199 excogitandum
847 1137 909 1178 nec
925 1115 1049 1179 Roma·

130 1236 254 1278 narum
276 1236 385 1278 rernm
407 1217 585 1280 immemor
610 1223 644 1279 et
663 1217 769 1280 verbis
793 1217 922 1282 solutus
949 1218 1050 1298 satis;

130 1321 192 1384 sed
207 1321 243 1383 in
259 1341 403 1405 magnos
415 1327 559 1385 oratores
574 1321 734 1386 inciderat
749 1323 821 1407 ejus
836 1330 949 1387 aetas:
965 1322 1050 1387 mul·

129 1431 206 1489 tam
233 1430 348 1488 tamen
374 1446 510 1510 operam
537 1426 655 1490 amicis
681 1433 715 1491 et
740 1428 858 1492 utilem
880 1430 1050 1514 praebuit3

131 1538 237 1616 atque
252 1533 301 1595 ita
316 1532 375 1595 diu
390 1533 481 1611 vixit,
496 1538 536 1596 ut
550 1533 730 1597 multarum
747 1540 900 1599 aetatum
916 1535 1050 1599 oratori·

131 1640 198 1701 bus
220 1636 453 1721 implicaretur,
470 1638 614 1701 multum
638 1639 740 1701 etiam
755 1639 790 1701 in
811 1641 921 1703 causis
945 1660 1050 1703 versa·

131 1749 232 1807 retur.
277 1742 350 1807 175.
383 1742 506 1806 Iisdem
531 1742 596 1806 fere
622 1744 827 1828 temporibus
854 1744 894 1808 D.
925 1744 1051 1807 Brutus

132 1851 172 1928 is,
185 1850 245 1932 qui
256 1848 373 1912 consul
388 1869 465 1911 cum
481 1848 651 1912 Mamerco
666 1847 738 1923 fuit,
751 1850 851 1912 homo
862 1853 897 1912 et
913 1849 1050 1912 Graecis

133 1954 256 2018 doctus
278 1953 379 2017 literis
400 1959 435 2016 et
458 1953 597 2017 Latinis.
643 1953 785 2017 Dicebat
805 1954 906 2017 etiam
925 1953 963 2016 1.
982 1953 1051 2017 Sci·

134 2062 192 2146 pio
213 2081 282 2123 non
304 2059 466 2144 imperite,
485 2059 686 2141 Gnaeusque
711 2058 892 2144 Pompeius
915 2058 991 2122 Sex.
1012 2058 1051 2121 F.

134 2165 284 2249 aliquem
315 2185 491 2229 numerum
523 2165 714 2245 obtinebat;
741 2186 820 2227 nam
851 2164 928 2228 Sex.
954 2163 1051 2227 irater

103 2258 106 2265 ¹
135 2272 209 2356 ejus
239 2270 564 2356 praestantissimum
593 2270 767 2354 ingenium
794 2270 977 2333 contulerat
1007 2268 1051 2333 ad

135 2397 308 2440 summam
327 2376 410 2459 juris
425 2375 531 2438 civilis
546 2382 580 2439 et
595 2375 639 2438 ad
655 2373 833 2459 perfectam
849 2373 1051 2459 geometriae

135 2487 171 2545 et
191 2502 301 2544 rerum
327 2481 519 2544 Stoicarum
542 2481 727 2543 scientiam.
776 2480 861 2544 Item
876 2481 912 2543 in
931 2480 1003 2564 jure
1019 2486 1053 2543 et

136 2593 216 2651 ante
239 2586 301 2649 hos
318 2585 365 2650 M.
381 2585 506 2649 Brutus
529 2591 563 2649 et
585 2584 698 2672 paullo
714 2591 789 2670 post
804 2605 882 2647 eum
900 2584 937 2648 C.
954 2583 1052 2648 Biiie·

136 2691 228 2771 nuc,l
250 2691 351 2755 homo
372 2712 428 2775 per
451 2712 486 2755 se
508 2712 662 2776 magnus,
677 2711 778 2775 prope
802 2689 902 2752 simili
923 2689 1052 2753 ratione

137 2817 293 2861 summus
316 2802 482 2860 evaserat:
505 2797 564 2879 qui
589 2796 706 2859 consul
732 2794 840 2858 sactus
864 2799 961 2875 esset,
989 2794 1053 2858 nisi

136 2905 173 2968 in
200 2902 371 2967 Marianos
393 2902 587 2965 consulatus
608 2908 642 2964 et
663 2902 697 2964 in
721 2921 778 2965 eas
801 2901 971 2986 petitionis
995 2921 1052 2963 an·

138 3010 268 3096 gustias
290 3008 470 3072 incidisset.
514 3007 587 3071 176.
613 3006 675 3069 Cn.
691 3012 805 3069 autem
831 3004 965 3069 Octavii
988 3003 1054 3066 elo·

138 3114 289 3197 quentia,
311 3133 397 3195 quac
419 3110 529 3176 fuerat
550 3117 627 3175 ante
655 3109 865 3173 consulatum
889 3110 1052 3193 ignorata,

138 3221 174 3285 in
193 3217 372 3283 consulatu
390 3218 504 3281 multis
527 3217 745 3280 concionibus
768 3221 819 3279 est
841 3216 1054 3279 vehementer

137 3327 290 3412 probata.
338 3322 406 3387 Sed
428 3325 471 3386 ab
494 3323 551 3402 eis,
572 3323 631 3404 qui
653 3327 786 3386 tantum
809 3322 844 3385 in
867 3321 1052 3385 dicentium

434 3556 447 3583 ⁴·
463 3557 512 3607 Ed.
523 3557 618 3608 Princ:
634 3554 761 3608 Bellienus.
