2542 4117
443 344 579 387 annuos.
624 346 694 389 ene.
717 345 796 389 xcv.
1027 322 1071 390 59

154 500 212 559 tur
231 503 380 576 senatus,
395 518 463 580 quo
488 519 546 582 pro
573 497 687 561 ordine
708 498 766 562 illa
788 499 951 579 dicuntur,
966 504 1001 563 et
1022 499 1072 563 in·

155 601 251 664 vidia
274 603 460 665 concitatur
485 603 520 665 in
542 602 694 687 judicum
721 604 814 666 etin
838 610 1071 669 accusatorum

153 704 347 785 santionem,
363 713 478 770 contra
499 729 641 791 quorum
665 710 852 792 potentiam
872 709 1072 793 populariter

153 817 232 875 tum
248 812 428 875 dicendum
443 812 516 875 fuit
555 812 665 877 Multa
680 814 715 877 iu
731 813 787 877 illa
802 814 952 877 oratione
967 814 1073 899 gravi·

152 922 206 979 ter
220 915 330 979 multa
346 916 461 980 leniter
476 916 584 981 multa
599 939 714 1002 aspere
736 918 844 981 multa
858 919 965 982 facete
983 919 1074 983 dicta

156 1027 255 1101 sunt;
277 1021 372 1106 plura
397 1022 500 1085 etiam
524 1022 614 1086 dicta
636 1044 739 1105 quarn
763 1025 894 1108 scripta,
917 1023 1007 1106 quod
1032 1045 1073 1087 ex

155 1127 362 1209 quibusdam
384 1128 549 1211 capitibus
570 1129 728 1213 expositis
751 1150 812 1192 nec
827 1127 1000 1213 explicatis
1023 1128 1074 1192 iu·

154 1230 263 1315 telligi
286 1237 403 1316 potest
450 1233 529 1316 Ipsa
552 1232 610 1296 illa
630 1234 780 1296 censoria
794 1246 909 1297 contra
928 1233 989 1297 Cn.
1006 1232 1073 1297 Do·

155 1337 293 1400 mitium
310 1335 474 1422 collegam
492 1345 627 1401 nonest
644 1339 750 1401 oratio
766 1338 824 1402 sed
840 1340 939 1422 quasi
960 1340 1073 1424 capita

154 1462 266 1505 rerum
283 1447 317 1505 et
331 1443 491 1505 orationis
505 1445 782 1507 commentarium
804 1444 917 1528 paullo
933 1444 1073 1529 plenius.

157 1546 262 1610 Nulla
291 1553 343 1610 est
372 1548 462 1610 enim
492 1547 662 1612 altercatio
692 1549 889 1612 clamoribus
920 1570 1072 1632 unquam

157 1652 274 1715 habita
296 1653 486 1736 majoribus.
532 1652 605 1716 165.
630 1653 677 1716 Et
697 1674 775 1717 vero
797 1652 862 1716 suit
876 1654 911 1717 in
928 1654 992 1717 boc
1014 1653 1074 1717 et'

156 1757 327 1841 popularis
343 1758 445 1820 dictio
461 1756 641 1820 excellens:
664 1758 804 1821 Antonii
820 1779 927 1842 genus
942 1758 1075 1822 dicendi

158 1862 268 1925 multo
284 1863 395 1946 aptius
406 1862 543 1946 judiciis
558 1883 659 1945 quarn
676 1863 902 1925 concionibus.

206 1966 316 2030 XLV.
342 1966 416 2031 Hoc
439 1967 512 2030 loco
536 1968 649 2051 ipsum
676 1966 865 2031 Domitium
887 1988 956 2030 non
980 1965 1076 2029 relin-

158 2093 235 2155 quo.
282 2072 375 2135 Nam
399 2074 462 2136 etsi
490 2094 557 2136 non
579 2072 644 2136 suit
666 2073 702 2135 in
727 2078 892 2136 oratorum
924 2092 1074 2150 numero,

156 2182 273 2240 tamen
300 2198 389 2261 pono
412 2178 493 2240 satis
523 2177 557 2240 iu
588 2198 628 2239 eo
659 2177 760 2240 luisse
787 2177 945 2241 orationis
971 2182 1074 2259 atque

157 2282 295 2367 ingenii,
311 2303 378 2365 quo
394 2289 428 2346 et
449 2283 667 2367 magistratus
683 2303 858 2367 personam
874 2287 908 2345 et
922 2280 1075 2345 consula·

157 2407 229 2450 reru
245 2387 444 2472 dignitatem
460 2393 623 2450 tueretur:
639 2388 730 2469 quod
745 2386 834 2450 idem
847 2387 889 2450 de
904 2386 942 2450 C.
958 2385 1074 2450 Coelio

158 2491 299 2555 dixerim
319 2492 518 2555 industriam
539 2492 575 2556 in
598 2513 638 2554 eo
662 2513 831 2555 sumniam
857 2492 960 2555 fuisse
985 2512 1075 2554 sum·

159 2618 301 2679 masque
318 2599 465 2675 virtutes,
481 2597 692 2679 eloquentiae
714 2602 858 2674 tantum,
873 2595 965 2677 quod
987 2601 1076 2658 esset

159 2703 193 2765 in
209 2705 308 2765 rebus
323 2704 458 2787 privatis
481 2703 598 2766 amicis
615 2702 696 2786 ejus,
711 2702 745 2765 in
763 2700 947 2786 republica
967 2701 1075 2784 ipsius

159 2807 317 2893 dignitati
341 2808 430 2871 satis.
475 2807 548 2871 166.
573 2807 704 2871 Eodem
722 2812 870 2892 ternpore
886 2805 931 2870 M.
949 2806 1075 2869 Heren-

159 2914 238 2976 nius
249 2914 284 2975 in
296 2912 515 2976 mediocribus
526 2914 711 2976 oratoribus
726 2912 846 2975 Latine
856 2918 890 2974 et
901 2911 1075 2995 diligenter

158 3016 374 3100 loquentibus
399 3023 593 3081 numeratus
620 3023 679 3095 est,
702 3017 760 3099 qui
791 3022 905 3078 tamen
938 3034 1074 3077 summe

158 3122 335 3186 nobilitate
350 3124 519 3186 hominem
532 3122 732 3206 cognatione
744 3119 920 3183 sodalitate
932 3117 1073 3202 collegio

158 3248 298 3291 summa
320 3228 421 3291 etiam
445 3227 636 3310 eloquentia
659 3225 696 3288 L
722 3224 914 3309 Philippum
938 3223 972 3286 in
996 3244 1073 3286 con·

157 3331 290 3397 sulatus
312 3333 473 3417 petitione
493 3332 669 3415 superavit
715 3331 846 3394 Eodem
867 3334 1015 3412 ternpore
1035 3327 1072 3392 O.

478 3563 492 3589 “
507 3564 556 3614 Ed.
567 3564 664 3614 Ptine:
678 3564 755 3613 aiom·
