2542 4117
194 314 258 381 100
456 336 593 381 saurus.
639 337 709 380 car.
733 336 847 381 axxrr.

196 490 255 573 qui
278 489 390 555 volent
404 488 461 553 illa
471 489 672 555 calamistris
686 491 832 571 inurere3
855 511 955 556 sanos
970 492 1110 575 quidem

194 596 348 660 homiues
371 617 392 659 a
413 594 585 659 scribendo
607 595 772 660 deterruit„
819 596 911 660 Nihil
938 604 990 660 551
1016 598 1110 660 enim

193 700 230 764 in
246 701 381 765 historia
398 721 479 785 pura
494 706 527 763 51
542 701 660 764 illustri
679 702 839 766 brevitate
853 701 993 765 dulcius.
1041 702 1113 766 Sed

195 805 240 870 ad
263 826 331 884 eos,
346 806 376 870 si
399 805 517 890 placet,
532 806 592 888 qui
615 805 709 870 vita*
730 813 948 887 excesserunt,
969 814 1112 871 reverta-

195 931 279 976 mur.

240 1014 402 1078 LXXVL
446 1013 519 1077 263.
546 1014 583 1078 Ο.
602 1013 748 1078 Sicinius
763 1016 873 1100 igitur,
892 1016 934 1095 Q.
952 1016 1110 1100 Pompeii

193 1119 291 1198 illius,
306 1120 365 1202 qui
387 1140 502 1182 censor
523 1119 595 1197 fuit,
611 1139 652 1181 ex
678 1117 748 1183 filia
770 1141 884 1205 nepos,
898 1122 1108 1204 quaestorius

195 1231 347 1289 mortuus
370 1230 429 1302 est,
444 1223 623 1307 probabilis
646 1232 754 1287 orator
772 1226 844 1308 jam
866 1226 981 1289 vero“
1002 1227 1107 1290 etiam

193 1332 353 1414 probatus
368 1349 407 1391 ex
425 1329 487 1391 bac
501 1328 594 1413 inopi
614 1328 658 1393 ad
680 1329 866 1393 ornandum
883 1331 942 1394 sed
957 1330 1001 1394 ad
1016 1332 1109 1394 inve·

196 1433 354 1497 niendum
383 1432 537 1517 expedita
564 1432 790 1518 Hermagorae
816 1434 1000 1520 disciplina.
1054 1435 1110 1499 Ea

194 1537 253 1601 dai
280 1538 426 1600 rationes
440 1542 557 1600 certas
581 1543 618 1601 51
639 1544 815 1623 praecepta
839 1539 987 1619 dicendi;
1019 1561 1110 1622 quae

194 1641 275 1706 sim
308 1642 469 1705 minorem
504 1642 628 1705 habent
662 1649 860 1727 apparatum
893 1644 986 1730 (sunt
1017 1645 1109 1708 enim

195 1746 320 1832 exilia),
335 1756 449 1810 tamen
467 1747 591 1810 habent
606 1747 756 1811 ordinem
771 1754 805 1811 51
820 1748 988 1831 quasdam
1004 1770 1109 1813 errare

194 1850 231 1915 in
253 1850 393 1916 dicendo
417 1873 483 1915 non
505 1852 670 1936 patientes
692 1853 773 1916 vias.
792 1891 795 1900 ,
819 1853 890 1917 Has
912 1854 967 1917 ille
989 1860 1109 1919 tenens

196 1963 230 2021 et
245 1964 381 2041 paratus
396 1957 441 2020 ad
456 1978 574 2020 causas
587 1958 722 2020 veniens
735 1960 907 2023 verborum
923 1980 990 2022 non
1005 1981 1110 2045 egens

193 2062 269 2146 ipsa
284 2061 341 2125 illa
355 2061 603 2145 comparatione
622 2061 862 2146 disciplinaque
883 2064 1015 2127 dicendi
1033 2066 1109 2149 jam

194 2166 230 2229 in
252 2172 467 2249 patronorum
488 2186 665 2229 numerum
684 2172 882 2250 pervenerat„
926 2169 1000 2232 264.
1024 2169 1110 2234 Erat

196 2270 298 2333 stiam
325 2270 373 2332 vir
396 2269 514 2333 doctus
540 2270 575 2333 in
606 2271 720 2354 primis
749 2272 786 2334 C.
814 2272 972 2337 Visellius
1000 2273 1111 2338 Varro

195 2373 412 2438 consobrinus
436 2395 541 2452 meus,
565 2375 623 2456 qui
648 2374 712 2438 fuit
736 2397 814 2439 cum
844 2377 970 2441 Sicinio
996 2384 1109 2442 aetate

196 2478 403 2562 conjunctus.
449 2479 481 2543 Is
506 2499 584 2542 cum
615 2485 692 2563 post
721 2481 869 2545 curulem
900 2482 1108 2548 aedilitatem

192 2584 296 2670 judex
325 2584 529 2667 quaestionis
560 2590 657 2663 esset,
687 2592 738 2648 est
772 2593 942 2651 mortuus:
973 2590 1007 2651 in
1038 2609 1106 2671 quo

196 2690 303 2757 fateor
325 2689 417 2774 vulgi
433 2689 600 2774 judicium
626 2711 648 2753 a
669 2690 796 2775 judicio
812 2711 888 2755 meo
904 2693 1107 2758 dissensisse.

197 2794 287 2860 Nam
304 2792 428 2879 populo
445 2815 511 2857 non
534 2799 606 2856 erat
629 2796 710 2857 satis
732 2796 924 2877 vendibilis;
948 2818 1107 2883 praeceps

195 2899 362 2983 quaedam
385 2904 420 2961 51
440 2919 518 2961 cum
538 2898 663 2962 idcirco
679 2901 828 2981 obscura,
843 2903 924 2984 quia
939 2910 1107 2987 peracuta,

194 3011 269 3069 turn
284 3003 400 3089 rapida
411 3008 445 3066 51
459 3003 625 3068 celeritate
636 3013 772 3069 caecata
784 3007 908 3070 oratio:
925 3007 983 3071 sed
998 3029 1108 3091 neque

194 3110 300 3173 verbis
317 3109 476 3193 aptiorem
492 3110 558 3172 cito
574 3108 678 3172 alium
698 3110 836 3174 dixerim
853 3133 960 3195 neque
976 3120 1108 3177 senten·

195 3215 251 3279 1115
281 3214 483 3277 crebriorem.
538 3213 712 3288 Praeterea
742 3215 906 3299 perfectus
937 3218 972 3281 in
1004 3216 1107 3283 literis

208 3383 240 3427 m*
256 3394 358 3445 Lamo:
369 3410 381 3442 e
391 3394 447 3443 vela

226 3476 252 3501 *³¹
269 3476 357 3525 Lamb.
368 3476 418 3524 and
429 3474 537 3525 Wetzel:
553 3475 629 3525 immo.
736 3481 739 3488 “

227 3555 268 3581 ‘’⁴''
284 3558 352 3606 Edit.
363 3556 445 3607 Prina
455 3557 505 3607 and
515 3556 615 3622 Meyer:
630 3574 689 3623 quor
702 3559 750 3609 mi.
