2542 4117
428 331 566 375 usurus.
608 332 680 376 cnr.
703 331 784 376 uvir.
1017 307 1061 376 75

142 483 219 548 bere
232 505 341 566 neque
353 505 532 549 consuesse
544 506 652 569 neque
664 506 761 571 posse
772 484 902 548 diceret
938 485 1060 549 Cottas

142 608 202 673 pro
219 609 255 651 se
272 588 346 674 lege
364 589 468 654 Varia
484 612 571 673 quae
586 591 785 669 inscribitur,
796 611 875 654 eam
889 589 929 654 h
944 590 1060 654 Aelius

141 694 276 777 scripsit
299 694 420 758 Cottae
437 703 568 780 rogatu.
612 694 695 759 Fuit
709 696 738 759 is
754 695 893 759 omnino
908 695 957 758 vir
972 716 1062 780 egre·

140 797 219 882 gius
249 804 284 861 et
313 820 416 883 eques
442 799 618 865 Romanus
645 821 724 864 cum
756 800 871 885 primis
901 801 1061 863 honestus

139 902 301 985 idemque
324 904 568 969 eruditissimus
583 911 617 969 et
640 905 779 969 Graecis
801 904 903 968 literis
918 910 954 968 et
969 904 1062 968 Lati·

141 1009 214 1090 uis;
235 1011 514 1095 antiquitatisque
536 1017 669 1075 nostrae
684 1017 719 1075 ct
738 1011 772 1075 in
796 1011 941 1075 inventis
963 1013 1062 1075 rebus

140 1119 178 1178 et
191 1115 227 1177 in
244 1116 330 1180 actis
341 1116 602 1201 scriptorumque
616 1123 763 1180 veterum
775 1105 904 1180 {inmte
916 1117 1061 1201 peritus:

139 1239 249 1302 quarn
273 1220 446 1284 scientiam
472 1221 581 1285 Varro
603 1227 714 1285 noster
736 1227 909 1306 acceptam
937 1220 1062 1284 abillo

140 1329 348 1408 auctamque
370 1346 427 1410 per
448 1347 521 1389 sese
536 1326 585 1389 vir
599 1326 736 1412 ingenio
756 1332 932 1411 praestans
954 1326 1061 1389 omni·

139 1449 208 1511 que
231 1427 381 1493 doctrina
402 1430 549 1515 pluribus
572 1436 606 1493 et
627 1430 859 1494 illustrioribus
879 1429 983 1494 literis
1005 1451 1061 1493 ex·

139 1532 289 1618 plicavit
343 1534 418 1599 206.
450 1534 519 1600 Sed
548 1534 640 1599 idem
673 1534 790 1599 Aelius
819 1534 956 1599 Stoicus
986 1555 1061 1598 esso

139 1636 259 1718 voluit,
289 1644 398 1703 orator
423 1645 537 1703 autem
565 1661 627 1704 nec
657 1639 795 1732 studuit
815 1660 967 1722 unquam
999 1660 1062 1703 nec

139 1740 215 1807 suit
263 1742 436 1808 Scribebat
460 1750 575 1809 tamen
606 1746 784 1823 orationes,
809 1765 894 1827 quas
925 1744 983 1807 alii
1013 1744 1061 1807 di·

141 1854 265 1929 nerent,
280 1856 319 1913 ut
345 1849 388 1928 Q.
406 1850 543 1915 Metello
566 1850 620 1914 F?
641 1856 681 1913 ut
700 1848 742 1927 Q.
762 1849 926 1935 Caepioni
950 1855 990 1912 ut
1016 1848 1061 1927 Q,

143 1953 310 2039 Pompeio
327 1953 437 2036 Rulo;
458 1976 665 2039 quamquam
681 1956 710 2019 is
725 1954 828 2018 etiam
844 1955 915 2039 ipse
931 1953 1061 2038 scripsit

140 2079 209 2138 cas,
225 2061 348 2143 quibus
363 2081 421 2146 pro
442 2082 477 2124 se
498 2068 550 2124 est
571 2082 663 2140 usus,
678 2060 737 2124 sed
761 2081 828 2124 non
853 2060 925 2123 sine
953 2058 1060 2124 Aelio.

139 2164 216 2229 207.
256 2166 320 2230 His
331 2167 421 2230 enim
433 2168 562 2252 scriptis
572 2167 600 2197 ‘⁸'
615 2168 716 2231 etiam
734 2168 806 2252 ipse
821 2165 965 2244 interfui,
980 2186 1059 2229 cum

140 2290 250 2334 essem
277 2271 366 2356 apud
394 2271 530 2335 Aelium
554 2271 749 2335 adolescens
771 2291 917 2353 eumque
943 2270 1059 2333 audire

140 2375 347 2460 perstudiose
367 2375 515 2440 solerem.
563 2376 700 2439 Cottam
716 2382 832 2439 autem
848 2375 948 2439 miror
968 2396 1059 2439 sum·

141 2500 238 2544 mum
255 2481 367 2565 ipsum
378 2488 542 2545 oratorem
556 2481 762 2563 minimoque
778 2481 930 2565 ineptum
949 2479 1059 2544 Aelia·

141 2605 204 2648 nas
230 2584 320 2649 leves
346 2586 572 2650 oratiunculas
592 2585 737 2649 voluisse
763 2585 946 2654 existimari
969 2606 1059 2648 suas.

144 2689 259 2753 LVII.
304 2690 368 2754 His
391 2690 524 2755 duobus
540 2691 691 2775 ejusdem
714 2690 837 2754 aetatis
860 2710 1059 2753 annumera-

141 2796 242 2859 batur
264 2817 363 2859 nemo
385 2796 521 2860 tertius:
543 2796 601 2859 sed
628 2796 711 2859 mibi
735 2795 890 2881 placebat
916 2794 1059 2880 Pompo·

140 2901 220 2965 nius
236 2902 392 2981 maxime,
404 2900 455 2964 vel
471 2901 580 2965 dicam
597 2902 735 2965 minime
751 2901 956 2986 displicebat.
991 2900 1059 2963 Lo·

139 3026 203 3070 cus
227 3012 298 3069 erat
321 3007 459 3070 omnino
479 3007 513 3070 in
530 3008 688 3070 maximis
703 3007 814 3070 causis
839 3012 966 3091 praeter
990 3025 1058 3082 eos,

139 3110 185 3175 de
215 3110 337 3192 quibus
367 3111 568 3196 supradixi,
598 3112 735 3190 nemini,
765 3116 937 3195 propterea
965 3108 1057 3191 quod

142 3216 324 3294 Antonius,
336 3217 394 3298 qui
408 3217 555 3279 maxime
571 3217 797 3301 expetebatur,
808 3214 914 3279 facilis
929 3214 963 3277 in
980 3234 1059 3278 cau·

173 3468 187 3494 ⁶
203 3468 357 3518 Lambinus:
376 3470 404 3529 Q.
415 3468 505 3534 Mespila
521 3467 643 3519 Βιιὶωήεί
653 3468 682 3519 F.

173 3549 202 3576 ⁴*
219 3548 351 3601 &ribaudis
356 3568 366 3612 ;
381 3551 509 3602 Lambin’s
519 3553 686 3603 emendation.
