2542 4117
401 342 538 386 saurus.
583 342 655 386 car.
678 341 770 387 xmx.
831 310 835 316 ’
1001 323 1045 390 65

127 492 187 558 sed
214 494 348 559 dicebat
371 517 500 580 parurn.
546 497 619 560 Nec
644 518 724 560 sane
748 496 823 581 plus
850 495 946 561 irater
968 498 1041 583 ejus

129 600 177 665 Μ.
195 600 369 686 Virgilius,
385 602 443 684 qui
463 603 735 687 tribunusplebis
754 602 792 665 L.
811 602 924 668 Sullae
940 604 1043 690 impe·

126 708 227 772 ratori
249 708 337 772 diem
361 709 453 772 dixit.
498 708 582 792 Ejus
598 708 725 794 collega
742 709 776 771 P.
795 707 930 794 Magius
944 711 979 773 in
995 710 1043 773 di·

126 813 235 877 cendo
251 813 364 898 paullo
380 820 492 877 tamen
518 815 691 899 copiosior.
745 813 818 878 180.
845 813 913 878 Sed
935 816 1043 878 ornni·

128 938 188 981 um
200 924 368 981 oratorum
383 919 452 981 sive
463 916 665 996 tabularum,
677 919 735 1002 qui
751 925 785 982 et
803 918 900 1004 plane
916 919 1043 983 indocti

127 1027 163 1085 et
184 1023 343 1086 inurbani
365 1028 425 1086 aut
447 1023 561 1086 rustici
585 1023 687 1086 etiam
707 1020 849 1102 fuerunt,
864 1045 949 1106 quos
971 1025 1043 1107 qui·

127 1127 208 1190 dem
225 1148 289 1212 ego
305 1128 527 1212 cognoverim,
544 1126 785 1191 solutissimum
801 1129 835 1191 in
853 1128 993 1192 dicendo
1010 1134 1044 1192 et

127 1232 364 1295 acutissimum
377 1230 491 1314 judico
505 1231 607 1294 nostri
620 1231 743 1294 ordinis
780 1231 823 1310 Q.
848 1232 1044 1312 Sertorium,

127 1336 292 1420 equestris
317 1336 354 1399 C.
380 1336 615 1421 Gorgonium.*
660 1335 741 1399 Fuit
761 1338 864 1400 etiam
880 1337 986 1401 facilis
1009 1344 1044 1402 et

127 1441 306 1526 expeditus
329 1441 373 1504 ad
395 1440 575 1504 dicendum
591 1446 625 1504 et
641 1442 729 1504 vitae
745 1441 916 1527 splendore
935 1442 1043 1506 multo

128 1552 164 1610 et
186 1546 324 1631 ingenio
346 1568 425 1608 sane
451 1545 611 1630 probabili
639 1545 678 1609 T.
693 1546 815 1610 Junius
832 1546 870 1610 L
889 1546 927 1609 F.
943 1549 1045 1611 tribu-

129 1652 248 1730 nicius,
275 1673 343 1734 quo
367 1658 547 1714 accusante
576 1651 611 1714 P.
641 1651 813 1714 Sextius‘*
835 1657 964 1736 praetor
989 1652 1045 1715 de·

129 1757 285 1842 signatus
301 1757 484 1819 damnatus
499 1762 549 1819 est
565 1757 722 1819 ambitus..
779 1756 811 1818 Is
830 1757 1044 1840 processisset

129 1861 311 1925 bonoribus
344 1860 487 1945 longius,
519 1859 583 1923 nisi
618 1881 749 1944 semper
778 1858 912 1924 infirma
944 1865 1046 1942 atque

129 1965 287 2030 etiam*
307 1987 406 2050 aegra
423 1964 614 2028 valetudine
630 1963 756 2028 suisset

177 2069 304 2135 XLIX.
340 2069 414 2134 181.
440 2071 551 2152 Atque
567 2091 630 2155 ego
648 2070 810 2154 praeclare
826 2068 975 2155 intelligo
990 2090 1046 2133 me

129 2175 165 2239 in
182 2197 297 2239 eorum
314 2175 633 2238 commemoratione
649 2176 779 2253 versari,
791 2175 849 2258 qui
865 2196 925 2237 nec
941 2174 1046 2238 babiti

130 2281 200 2345 sint
225 2287 372 2343 oratores
398 2300 506 2362 neque
530 2277 660 2359 fuerint,
687 2280 918 2364 praeteririque
944 2302 965 2344 a
990 2302 1045 2343 me

130 2385 263 2468 aliquot
284 2407 325 2447 ex
347 2385 512 2447 veteribus
536 2387 854 2448 commemoratione
871 2391 931 2449 aut
946 2384 1045 2448 laude

130 2491 270 2576 dignos:
286 2490 343 2553 sed
362 2489 423 2552 hoc
438 2490 574 2572 quidem
589 2491 807 2574 ignoratione.
843 2489 938 2568 Quid
954 2492 1046 2554 enim

131 2602 184 2659 est
206 2595 381 2681 superioris
397 2596 526 2670 aetatis,
543 2594 633 2677 quod
650 2595 744 2657 scribi
761 2595 867 2679 possit
881 2595 923 2658 de
938 2595 989 2673 iis,
1004 2594 1046 2657 de

131 2699 255 2784 quibus
278 2699 369 2762 nulla
395 2706 614 2762 monumenta
634 2699 814 2782 loquuntur
830 2720 891 2762 nec
906 2699 1046 2762 aliorum

132 2827 195 2870 nec
210 2804 381 2889 ipsorum?
427 2804 478 2868 De
501 2805 542 2867 iis
565 2812 690 2882 autern,
706 2826 791 2887 quos
806 2805 871 2889 ipsi
892 2804 1049 2883 vidimus,

133 2912 304 2974 neminem
327 2910 392 2973 fere
415 2910 711 2993 praetermittimus
732 2930 857 2988 eorum,
881 2931 966 2992 quos
990 2909 1048 2971 ali·

131 3015 269 3099 quando
290 3014 437 3078 dicentes
453 3014 608 3077 vidimus.
654 3012 726 3077 182.
752 3013 841 3076 Volo
862 3014 952 3076 enirn
973 3012 1049 3075 sciri

130 3121 166 3184 in
188 3124 287 3183 tanta
309 3126 343 3183 et
364 3126 436 3183 tam
461 3125 569 3182 vetere
585 3139 618 3181 re
634 3118 767 3202 publica
783 3118 941 3180 maximis
956 3137 1047 3201 prae·

162 3381 177 3406 ⁴*
194 3380 242 3429 Ed.
253 3379 349 3429 Ptine:
370 3378 520 3444 Garqmium.

161 3462 190 3516 *f*
207 3462 255 3510 Ed.
266 3461 363 3511 Priuer
381 3459 474 3510 Sextus.
507 3458 601 3510 Orelli:
618 3458 716 3511 Serius.

162 3541 206 3568 Μ
223 3542 271 3593 Ed.
282 3542 376 3593 Princ:
392 3550 461 3607 atque
474 3556 552 3607 aegra.

473 3622 495 3688 5
