2542 4117
227 294 291 361 126
500 315 634 359 saurus.
680 315 751 359 oar.
773 316 865 360 xcrv.

227 469 286 552 qui
310 468 355 532 ad
376 466 583 532 iracundiam
605 489 732 554 magno
749 489 847 553 opere
858 468 1007 553 judicem
1031 491 1143 551 nemo,

227 576 286 657 qui
310 574 353 637 ad
377 572 493 638 fletum
519 580 631 657 posset
655 574 838 653 adducere;
859 596 969 655 nemo,
989 577 1048 658 qui
1071 578 1144 640 ani·

227 702 323 746 mum
357 680 438 765 ejus,
467 678 558 761 quod
593 699 701 742 unum
738 684 790 742 est
822 681 959 743 oratoris
994 683 1143 744 maxime

227 786 404 872 proprium,
431 804 630 867 quocunque
654 804 705 847 res
730 783 920 868 postularet,
950 785 1143 869 impelleret

230 889 359 957 XCIV.
403 888 476 952 323.
501 888 618 971 Itaque
633 909 710 951 eum
730 889 802 973 jam
826 911 933 973 paene
951 892 1143 954 evanuisset

231 995 439 1074 Hortensius,
455 1000 489 1057 et
512 1015 574 1079 ego
596 1015 685 1057 anno
708 1015 784 1057 meo
808 1001 901 1058 sexto
926 1001 1043 1059 autem
1067 1001 1144 1079 post

228 1100 324 1165 illum
349 1095 519 1164 consulem
541 1099 657 1162 consul
680 1093 795 1163 faetus*
806 1121 924 1179 essem,
938 1120 1092 1163 revocare
1108 1121 1143 1163 se

231 1207 276 1271 ad
295 1206 493 1270 industriam
510 1205 629 1289 coepit,
647 1226 698 1284 ne,
713 1227 790 1268 cum
807 1227 902 1290 pares
918 1207 1044 1269 honore
1060 1227 1144 1269 esse·

230 1333 315 1392 mus,
331 1311 443 1393 aliqua
457 1331 490 1373 re
507 1311 690 1394 superiores
706 1309 900 1373 videremur.
947 1310 1006 1374 Sic
1021 1311 1144 1374 duode-

230 1418 296 1481 cim
322 1421 396 1500 post
420 1436 534 1478 meum
561 1415 774 1478 consulatum
796 1437 903 1479 annos
927 1416 964 1478 in
987 1417 1144 1480 maximis

230 1521 351 1599 causis,
367 1541 445 1583 cum
461 1540 523 1604 ego
547 1520 631 1583 mibi
653 1519 746 1583 illum
770 1521 907 1583 sibime
928 1520 984 1583 ilie
1005 1522 1145 1584 antefer·

230 1630 289 1704 ret,
304 1624 574 1709 conjunctissime
590 1625 710 1687 versati
726 1646 862 1687 sumus:
882 1624 1144 1707 consulatusque

231 1751 337 1809 meus,
352 1730 409 1812 qui
427 1729 521 1793 illum
537 1729 644 1814 primo
660 1729 774 1792 leviter
796 1730 1038 1813 perstrinxerat,
1054 1731 1143 1793 idem

232 1857 294 1902 nos
319 1856 427 1899 rerum
452 1855 601 1898 mearum
624 1839 804 1918 gestarum,
819 1856 903 1917 quas
925 1834 980 1897 ille
1002 1834 1145 1899 admira·

232 1943 340 2020 batur,
351 1939 450 2003 laude
462 1939 686 2022 conjunxerat.
719 1939 795 2015 324.
820 1939 969 2002 Maxime
984 1960 1063 2002 vero
1079 1961 1147 2024 per·

234 2053 348 2132 specta
372 2050 423 2108 est
446 2045 615 2126 utriusque
643 2049 792 2108 nostrum
816 2045 1006 2107 exercitatio
1034 2045 1147 2130 paullo

235 2157 323 2229 ante,
333 2169 436 2232 quam
452 2148 657 2232 perterritum
670 2149 770 2211 armis
784 2148 846 2211 hoo
858 2149 1018 2228 studium,
1033 2149 1148 2229 Brute,

234 2261 384 2322 nostrum
406 2252 566 2316 conticuit
585 2253 696 2315 subito
712 2259 746 2316 et
761 2254 947 2333 obmutuit;
970 2275 1051 2316 cum
1074 2254 1148 2339 lege

236 2358 398 2443 Pompeia
409 2356 508 2419 ternis
522 2357 608 2418 horis
620 2356 665 2420 ad
676 2356 854 2421 dicendum
868 2357 955 2422 datis
967 2358 1011 2422 ad
1026 2379 1147 2422 causas

235 2464 420 2529 simillimas
441 2463 525 2525 inter
540 2482 575 2524 se
590 2461 643 2523 vel
659 2463 770 2546 potius
787 2462 922 2548 easdem
940 2464 1018 2527 novi
1037 2464 1147 2527 venie·

235 2573 356 2635 bamus
376 2568 541 2652 quotidie:
564 2567 685 2649 quibus
700 2567 836 2650 quidem
852 2570 963 2632 causis
977 2575 1016 2633 tu
1032 2570 1146 2648 etiam,

238 2676 350 2752 Brute,
375 2679 504 2759 praesto
529 2672 621 2735 fuisti
640 2672 891 2756 compluresque
914 2679 948 2737 et
969 2674 1147 2737 nobiscum

237 2787 272 2846 et
287 2780 377 2844 solus
393 2779 507 2863 egisti:
529 2783 577 2854 ut,
593 2777 651 2859 qui
667 2798 734 2841 non
751 2779 832 2841 satis
848 2778 906 2842 diu
923 2780 1040 2843 vixerit
1064 2780 1149 2844 Hor·

237 2885 374 2963 tensius,
397 2889 511 2946 tamen
534 2881 622 2944 hunc
647 2903 780 2946 cursum
806 2884 992 2949 confecerit
1038 2887 1147 2950 Annis

239 2997 317 3055 ante
332 2989 446 3053 decem
462 3008 581 3050 causas
605 3008 702 3071 agere
724 2989 841 3072 coepit,
858 3011 960 3072 quam
980 2997 1069 3054 tues
1090 3013 1148 3056 na·

239 3101 312 3160 tus:
334 3093 448 3158 idem*
465 3097 583 3176 quarto
599 3098 633 3156 et
649 3094 855 3178 sexagesimo
870 3116 958 3158 anno
973 3098 1147 3181 perpaucis

240 3206 318 3264 ante
341 3206 480 3262 mortem
504 3197 621 3261 diebus
644 3218 712 3260 una
738 3204 850 3264 tecum
874 3222 1023 3264 socerum
1048 3208 1147 3264 tuum

240 3303 386 3368 defendit
414 3302 571 3387 Appium.
615 3301 757 3366 Dicendi
783 3310 897 3368 autem
924 3327 1029 3391 genus
1056 3304 1148 3388 quod

445 3514 467 3582 ἦ·
483 3515 531 3565 Ed.
542 3514 624 3566 Princ
635 3517 685 3566 aad
695 3517 797 3582 Meyer:
813 3516 925 3583 idemque.
