2542 4117
425 328 560 373 saurus.
606 328 678 372 car.
700 329 772 373 arn.
1014 308 1056 374 71

141 481 302 570 putaret?
345 481 440 545 LIII.
480 482 527 548 At
548 503 625 546 vero
652 488 691 547 ut
713 486 828 546 contra
853 481 992 547 Crassus
1013 483 1057 546 ab

142 588 354 656 adolescente
378 587 529 666 delicato,
544 588 602 670 qui
623 587 658 650 in
674 586 768 651 litore
784 587 960 652 ambulans
976 588 1058 652 scal·

142 714 240 760 mum
254 693 429 777 reperisset
445 695 488 756 ob
504 714 647 775 eamque
661 714 731 756 rem
746 691 920 757 aedificare
935 713 1056 757 navem

142 799 400 883 concupivisset,
430 819 566 866 exorsus
591 805 651 877 est,
680 798 831 862 similiter
858 797 1057 862 Scaevolam
1142 815 1147 834 ¹

143 926 184 970 ex
206 925 277 967 uuo
300 902 426 967 scalmo
449 902 614 989 captionis
635 902 873 968 centumvirale
891 902 1056 987 judicium

144 1010 337 1074 hereditatis
348 1006 504 1087 effecisse,
516 1008 579 1072 hoc
593 1008 628 1072 in
644 1009 701 1072 illo
712 1009 726 1038 *
746 1009 844 1072 initio
859 1014 1059 1072 consecutus
1105 1069 1109 1076 ,

143 1092 260 1179 multis
282 1111 430 1198 ejusdem
451 1114 580 1198 generis
595 1114 769 1177 sententiis
791 1113 969 1177 delectavit
990 1113 1060 1176 ani·
1133 1094 1186 1162 ’ὲ

144 1239 286 1301 mosque
313 1218 474 1297 omnium,
497 1219 556 1300 qni
580 1218 726 1299 aderant,
749 1219 783 1282 in
811 1219 1011 1282 hilaritatem
1038 1239 1061 1282 a

144 1326 320 1387 severitate
345 1323 510 1387 traduxit:
540 1323 630 1406 quod
657 1329 708 1387 est
737 1346 845 1388 unum
875 1345 916 1387 ex
945 1325 1060 1403 tribus,

144 1448 232 1512 quae
257 1428 324 1491 dixi
347 1431 389 1491 ab
412 1435 539 1491 oratore
566 1427 651 1492 effici
673 1429 799 1492 debere.
844 1428 973 1493 Deinde
997 1429 1061 1493 hoc

144 1533 290 1598 voluisse
306 1554 394 1611 eum,
410 1534 469 1616 qui
485 1539 724 1597 testamentum
746 1534 888 1610 fecisset,
904 1535 966 1597 hoc
988 1555 1061 1598 sen·

145 1638 238 1717 sisse,
253 1659 389 1721 quoquo
412 1638 514 1702 modo
529 1637 617 1702 filius
633 1660 700 1703 non
717 1645 813 1717 esset,
828 1640 887 1723 qui
908 1640 943 1704 in
962 1660 1059 1703 suam

144 1743 288 1809 tutelam
312 1744 446 1823 veniret,
462 1744 531 1806 sive
547 1764 614 1807 non
631 1750 731 1807 natus
746 1744 816 1806 sive
833 1748 912 1807 ante
936 1750 1061 1808 mortu·

144 1869 196 1927 ua,
215 1849 336 1912 Curius
360 1850 453 1911 heres
476 1853 515 1912 ut
534 1854 640 1927 esset;
662 1849 710 1912 ita
725 1849 862 1912 scribere
878 1847 1061 1933 plerosque,

146 1959 182 2018 et
202 1953 236 2017 id
260 1954 367 2017 valere
382 1960 417 2017 et
431 1953 575 2017 valuisse
598 1974 737 2038 semper.
784 1952 878 2017 Haec
900 1959 935 2016 et
954 1951 1063 2017 multa

105 2127 109 2133 ,
146 2059 312 2144 ejusmodi
327 2059 440 2122 dicens
455 2057 556 2122 fidem
579 2058 739 2138 faciebat;
762 2056 853 2140 quod
875 2064 926 2121 est
947 2078 988 2120 ex
1008 2056 1062 2121 tri·

145 2166 210 2228 bus
240 2164 379 2228 oratoris
408 2162 526 2227 officiis
552 2163 703 2228 alterum.
747 2161 821 2227 198.
852 2162 982 2227 Deinde
1008 2183 1062 2226 ae·

146 2290 253 2353 quum
280 2271 407 2332 bonum
432 2274 710 2332 testamentorum
737 2269 920 2332 sententias
946 2267 1062 2331 volun·

146 2380 301 2457 ratesque
323 2380 454 2438 tutatus
476 2380 544 2437 est:
567 2380 695 2457 quanta
717 2379 806 2436 esset
828 2373 986 2470 iutverbis
1008 2394 1063 2436 ca·

148 2479 220 2565 ptio
235 2500 314 2543 cum
338 2479 371 2544 in
389 2479 504 2542 ceteris
525 2481 621 2542 rebus
643 2484 717 2541 tum
740 2478 774 2542 in
798 2479 1018 2557 testamentis,
1033 2478 1063 2541 si

148 2584 392 2669 negligerentur
422 2583 629 2662 voluntates;
658 2589 821 2666 quantam
853 2584 917 2647 sibi
949 2590 1066 2668 poten·

147 2690 236 2753 tiam
262 2689 424 2753 Scaevola
446 2695 639 2767 assumeret,
654 2689 683 2751 si
700 2709 798 2751 nemo
814 2688 951 2751 auderet
963 2694 1065 2751 testa·

148 2802 303 2861 mentum
327 2796 434 2859 facere
465 2802 581 2879 postea
612 2795 676 2857 nisi
703 2794 744 2858 de
772 2794 859 2857 illius
889 2793 1064 2857 sententia.

150 2901 245 2966 Haec
260 2922 339 2964 curn
355 2901 495 2985 graviter
510 2906 582 2963 tum
606 2902 649 2963 ab
667 2898 827 2982 exemplis
842 2899 975 2982 copiose
990 2904 1065 2960 tum

149 3008 243 3071 varie
258 3013 330 3070 tum
348 3008 451 3069 etiam
465 3004 601 3069 ridicule
626 3011 660 3068 et
681 3004 787 3068 facete
803 3002 972 3087 explicans
987 3022 1065 3064 eam

148 3112 406 3177 admirationem
423 3112 718 3192 assensionemque
735 3108 927 3185 commovit,
942 3106 1065 3169 dixisse

147 3222 189 3282 ut
218 3223 334 3280 contra
365 3237 465 3280 nemo
495 3216 667 3279 videretur.
724 3213 799 3277 Hoc
828 3217 899 3276 erat
927 3211 1066 3274 oratoris

148 3320 298 3388 officium
333 3322 509 3406 partitione
542 3321 679 3384 tertium
713 3339 831 3404 genere
869 3316 1066 3380 maximum.

272 3544 286 3570 ⁴
302 3546 349 3598 no.
359 3546 449 3608 Princ,
465 3545 573 3607 Ellendt,
584 3543 634 3594 aad
645 3543 746 3609 Meyer:
762 3541 804 3592 tec
814 3539 852 3591 ille
861 3539 935 3590 τ’ττίεὼ.
