2542 4117
377 321 513 365 usurus.
559 321 631 364 err.
655 317 748 364 nxxr.
976 295 1020 364 93

101 477 179 542 246.
205 474 324 540 Etiam
349 474 395 539 M.
412 471 588 538 Pontidius
610 474 784 559 municeps
808 479 916 538 noster
937 472 1022 538 mul·

102 588 158 647 tas
179 582 328 666 privatas
351 600 470 642 causas
493 579 646 642 actitavit
667 578 814 642 celeriter
828 600 907 641 sane
922 583 1021 644 verba

101 687 244 751 volvens
260 706 321 749 nec
336 686 437 749 hebes
451 684 487 747 in
501 685 622 762 causis,
639 684 688 748 vel
704 685 814 749 dicam
831 685 903 769 plus
919 687 1022 750 etiam

103 812 213 876 quam
244 812 311 854 non
342 791 452 868 hebes,
482 788 541 852 sed
575 788 787 853 effervescens
816 792 852 855 in
882 791 1022 857 dicendo

104 896 284 961 stomacho
320 916 420 979 saepe
450 893 687 977 iracundiaque
717 897 956 976 vehementius,
984 904 1024 962 ut

105 1023 177 1066 non
202 1021 279 1065 cum
301 1000 487 1064 adversario
510 999 619 1064 solum
635 1000 692 1064 sed
713 1003 816 1065 etiarn
837 1003 941 1088 (quod
964 1004 1024 1068 mi·

105 1113 211 1178 rabile
227 1113 329 1197 esset)
347 1131 425 1175 cum
439 1111 551 1194 judice
567 1110 650 1195 ipso,
666 1112 761 1196 cujus
778 1112 937 1176 delenitor
952 1133 1025 1177 esse
1129 1159 1133 1172 .

108 1217 211 1281 debet
232 1221 349 1293 orator,
363 1215 473 1300 jurgio
492 1235 591 1300 saepe
607 1215 827 1281 contenderet.
874 1217 920 1282 Μ.
938 1217 1025 1283 Mes·

110 1326 184 1392 sala
214 1326 323 1389 minor
348 1331 431 1388 natu
460 1345 563 1407 quam
596 1344 657 1387 nos
683 1325 775 1388 nullo
801 1326 902 1390 modo
928 1326 1025 1411 inops

111 1430 256 1496 sednon
273 1429 371 1493 nimis
386 1435 522 1492 ornatus
539 1450 656 1513 genere
671 1431 861 1511 verborum3
882 1431 1025 1516 prudens

112 1541 235 1601 acutus
257 1534 396 1598 minime
418 1534 573 1597 incautus
597 1540 756 1618 patronus
779 1535 814 1598 in
838 1537 948 1600 causis
971 1558 1025 1601 co·

113 1639 315 1729 gnoscendis
330 1637 635 1723 componendisque
651 1638 792 1723 diligens
807 1642 922 1726 magni
936 1642 1027 1705 labo·

111 1747 157 1810 ris
173 1745 300 1809 multae
316 1764 434 1827 operae
455 1742 703 1825 multarumque
724 1764 909 1807 causarum.
954 1747 1028 1810 247.

114 1849 195 1916 Duo
211 1849 314 1912 etiam
333 1846 469 1928 Metelli,
488 1847 581 1910 Celer
596 1853 629 1910 et
646 1846 771 1932 Nepos,
783 1849 886 1911 nihil·
901 1850 935 1912 in
952 1872 1029 1914 cau·

112 1955 161 2019 sis
183 1954 306 2017 versati
327 1973 388 2016 nec
404 1953 474 2016 sine
489 1952 624 2036 ingenio
641 1972 702 2015 nec
716 1951 841 2016 indocti
859 1954 920 2017 hoc
936 1960 1029 2019 erant

114 2059 276 2148 populare
309 2056 441 2122 dicendi
478 2078 584 2142 genus
618 2057 770 2120 assecuti.
819 2058 879 2121 Cn.
914 2066 1028 2124 autern

117 2164 286 2231 Lentulus
312 2161 523 2226 Marcellinus
547 2182 779 2245 necunquam
801 2163 976 2228 indisertus
995 2172 1030 2230 et

114 2269 151 2335 in
177 2268 355 2334 consulatu
383 2267 598 2352 pereloquens
623 2268 715 2331 visus
738 2274 797 2348 est,
823 2290 890 2333 non
916 2271 1031 2335 tardus

116 2374 292 2440 sententiis
316 2393 383 2435 non
405 2372 502 2456 inops
525 2371 630 2435 verbis
654 2392 736 2435 voce
758 2394 881 2438 canora
903 2373 1031 2441 facetus

116 2482 210 2546 satis.
259 2478 297 2542 O.
324 2476 505 2541 Memmius
531 2476 570 2540 L.
598 2476 636 2540 F.
663 2478 825 2562 perfectus
849 2478 949 2544 literis
974 2481 1033 2546 sed

119 2585 272 2663 Graecis,
304 2581 498 2646 fastidiosus
531 2602 611 2644 sane
647 2580 859 2663 Latinarum3
893 2592 1032 2670 argutus

118 2696 230 2756 orator
259 2688 431 2769 verbisque
461 2686 567 2749 dulcis
595 2685 653 2749 sed
676 2685 808 2770 fugiens
835 2709 902 2751 non
930 2689 1032 2754 modo

119 2793 254 2860 dicendi
276 2813 391 2855 verum
412 2791 517 2854 etiarn
538 2772 708 2876 cogitandi
729 2791 875 2855 laborem
899 2800 1031 2858 tantum

119 2899 187 2964 sibi
208 2898 250 2961 de
273 2896 432 2960 facultate
446 2895 596 2975 detraxit,
611 2901 776 2978 quantum
791 2897 963 2964 imminuit
985 2901 1034 2963 in·

119 3003 278 3069 dustriae.

167 3106 295 3173 LXXI.
339 3103 413 3168 248.
438 3104 513 3168 Hoc
534 3104 608 3169 loco
624 3105 758 3187 Bmtus,
777 3106 891 3184 Quam
907 3110 1035 3191 vellem,

121 3213 242 3296 inquit,
266 3210 308 3274 de
327 3209 379 3274 his
403 3210 506 3273 etiam
531 3210 724 3289 oratoribus,
747 3213 804 3294 qui
827 3213 925 3277 hodie
948 3221 1036 3295 sunt,

122 3318 185 3383 tibi
207 3316 316 3381 dicere
338 3314 480 3377 luberet:
503 3320 537 3377 et
557 3314 586 3378 si
601 3313 643 3377 de
659 3314 733 3378 aliis
755 3318 876 3399 minus,
892 3319 933 3382 dc
955 3320 1037 3383 duo·

181 3530 195 3555 ⁴*
211 3531 281 3582 Edit.
292 3529 375 3579 Prine.
386 3528 437 3578 arrd
447 3527 549 3593 Meyer:
565 3528 686 3589 mathilt
707 3530 739 3583 0.
755 3532 836 3584 Jahn:
852 3551 897 3585 non
910 3535 976 3586 nitri.
