2542 4117
199 282 244 347 62
464 302 598 345 saurus.
644 302 714 345 car.
737 303 843 345 xuvrr.

200 477 278 522 cum
300 453 456 520 familiari
472 460 583 519 nostro
602 455 645 533 Q.
664 455 791 519 Granio
806 476 970 540 praecone
996 456 1127 548 dicaci·

200 567 271 625 tate
295 567 427 624 certare.
472 560 568 639 Eon’,
583 561 693 643 inquit
715 560 851 641 Brutus,
866 561 908 624 de
923 582 993 644 quo
1010 561 1129 625 multa

113 643 159 742 ,s
203 663 378 730 Lucilius?
425 664 494 729 Isto
523 664 615 749 ipso:
643 664 700 728 sed
730 665 872 729 Tincam
903 687 972 729 non
1005 668 1129 729 minus

84 765 104 806 s
203 771 311 836 multa
325 769 459 834 ridicule
475 768 640 833 dicentem
659 769 806 833 Granius
821 773 983 835 obruebat
1004 772 1128 833 nescio

203 897 271 961 quo
287 897 404 960 sapore
418 875 612 939 vernaculo:
628 882 667 939 ut
680 897 743 960 ego
756 877 909 960 jamnon
924 877 1023 940 mirer
1036 876 1128 939 illud

207 983 437 1067 Theophrasto
452 979 622 1059 accidisse,
638 980 729 1063 quod
744 981 872 1060 dicitur,
887 1003 966 1045 cum
982 1002 1128 1066 percon·

203 1094 333 1153 taretur'
343 1108 383 1150 ex
399 1085 531 1149 anicula
545 1084 702 1168 quadam,
717 1086 834 1167 quanti
853 1086 980 1169 aliquid
1000 1085 1128 1149 vende-

204 1200 263 1272 ret,
279 1199 314 1257 et
335 1190 559 1276 respondisset
578 1190 635 1253 illa
657 1196 757 1272 atque
772 1190 965 1270 addidisset,
982 1190 1126 1271 Hospes,

204 1319 270 1365 non
295 1304 369 1379 pote
399 1297 541 1373 minoris,
567 1294 683 1358 tulisse
710 1316 787 1358 eum
818 1295 958 1358 moleste
988 1317 1025 1358 se
1053 1316 1125 1358 non

207 1401 349 1487 effugere
375 1400 516 1485 hospitis
543 1401 699 1485 speciem,
721 1422 799 1463 cum
830 1406 976 1464 aetatem
1007 1407 1127 1486 ageret

210 1491 363 1571 Athenis
381 1505 574 1590 optimeque
602 1503 798 1587 loqueretur.
844 1505 1003 1585 Omnin0,
1035 1507 1127 1569 sieut

208 1612 334 1696 opinor,
359 1610 395 1674 in
419 1609 539 1673 nostris
562 1615 613 1672 est
639 1610 777 1692 quidam
802 1612 1004 1673 urbanorum
1035 1612 1127 1674 sicut

208 1716 275 1781 illic
303 1716 490 1780 Atticorum
515 1735 626 1777 sonus.
674 1713 743 1777 Sed
768 1714 909 1778 domum
935 1715 1125 1795 redeamus,

209 1821 245 1886 id
260 1827 319 1901 est,
335 1821 379 1884 ad
393 1827 521 1884 nostros
536 1818 759 1882 revertamur*

256 1927 403 1993 XLVII.
448 1924 519 1989 173.
544 1924 685 1988 Duobus
706 1924 807 2008 igitur
829 1924 970 1987 summis
1001 1924 1123 1988 Crasso

211 2040 246 2098 et
263 2033 411 2098 Antonio
429 2030 467 2094 L.
485 2029 658 2115 Philippus
674 2030 843 2113 proximus
860 2030 1050 2109 accedebat,
1066 2030 1124 2093 sed

210 2139 311 2222 longo
333 2134 504 2199 intervallo
526 2140 642 2197 tamen
666 2135 844 2219 proximus.
891 2127 1010 2217 Itaque
1033 2157 1123 2215 eum,

211 2244 275 2306 etsi
286 2262 385 2304 nemo
396 2238 628 2318 intercedebat,
641 2240 699 2321 qui
712 2261 746 2301 se
758 2239 806 2302 illi
818 2238 1001 2320 anteferret,
1014 2262 1124 2323 neque

213 2345 398 2410 seeundum
421 2350 536 2407 tamen
561 2365 668 2426 neque
691 2345 826 2407 tertium
849 2344 996 2408 dixerim.
1053 2345 1123 2408 Nec

213 2451 359 2514 enimin
383 2449 552 2533 quadrigis
575 2469 653 2511 eum
675 2449 859 2513 secundum
883 2452 1122 2514 numeraverim

214 2562 275 2620 aut
300 2556 445 2636 tertium,
474 2556 532 2638 qui
561 2556 615 2617 vix
642 2575 660 2616 e
687 2539 869 2618 carceribus
894 2556 1017 2635 exierit,
1046 2578 1122 2619 cum

214 2662 364 2748 palmam
377 2661 447 2746 jam
464 2662 589 2744 primus
605 2662 785 2744 acceperim
808 2661 918 2724 necin
934 2662 1122 2741 oratoribus,

216 2768 274 2850 qui
295 2772 429 2830 tantum
453 2766 540 2827 absit
561 2785 582 2827 a
606 2764 722 2847 primo,
737 2765 792 2827 vix
813 2770 853 2828 ut
870 2766 906 2828 in
921 2765 1040 2829 eodem
1056 2788 1122 2830 cur·

215 2871 318 2937 riculo
348 2891 420 2934 esse
451 2869 614 2932 videatur.
662 2868 729 2933 Sed
758 2876 874 2934 tamen
901 2877 995 2935 erant
1024 2893 1065 2935 ea
1088 2873 1120 2936 in

218 2979 381 3064 Philippo,
412 2996 507 3059 quae,
537 2975 595 3057 qui
624 2974 695 3037 siue
719 2976 967 3058 comparatione
996 2976 1120 3040 illorum

216 3089 388 3168 spectaret,
415 3081 495 3145 satis
519 3100 646 3164 magna
669 3078 807 3159 diceret3
834 3102 968 3144 summa
993 3080 1120 3145 libertas

215 3190 252 3253 in
279 3189 436 3266 oratione,
458 3185 583 3250 multae
604 3183 762 3248 facetiae:
785 3186 867 3249 satis
891 3189 1000 3250 creber
1022 3189 1057 3250 in
1079 3209 1120 3250 re·

247 3426 261 3452 “
276 3426 308 3477 Id
326 3434 366 3487 est,
382 3423 416 3474 ad
435 3432 521 3473 nonros
542 3432 688 3473 revertamur.
722 3425 784 3474 This
805 3426 888 3477 clause
907 3426 928 3476 is
949 3427 1051 3491 ejected,
1066 3442 1119 3479 asa

214 3508 292 3575 gloss,
302 3509 336 3573 by
346 3507 483 3569 Manutim,
494 3505 642 3567 Lambinus,
653 3506 703 3555 and
714 3507 804 3557 others.
