2542 4117
204 274 226 342 8
499 294 633 338 esurus.
679 294 750 337 cir.
773 293 818 336 vr.

249 447 382 533 Nempe
404 447 503 533 igitur
526 449 603 512 hinc
624 453 708 528 tum,
724 446 899 533 Pomponi,
919 446 1040 512 ductus
1063 452 1115 511 est

204 574 321 631 senno,
347 553 437 636 quod
466 559 536 617 erat
566 573 587 617 a
615 573 671 616 me
700 553 826 617 mentio
855 553 944 616 facta
973 573 1114 617 causam

205 656 363 737 Deiotari,
378 656 563 722 fidelissimi
584 663 686 740 atque
701 658 822 742 optimi
836 658 932 742 regis,
947 658 1115 721 ornatissi-

203 782 258 826 me
274 768 308 828 et
322 762 550 848 copiosissime
565 783 586 826 a
602 762 708 825 Bruto
720 782 775 825 me
787 762 919 825 audisse
933 760 1115 825 defensam.

206 865 268 930 VI.
314 866 402 948 Scio,
430 867 549 949 inquit,
577 867 619 930 ab
649 866 714 930 isto
741 866 837 928 initio
866 871 1011 929 tractum
1042 886 1115 928 esse

204 991 401 1050 sermonem,
430 976 529 1054 teque
557 970 654 1035 Bruti
682 969 850 1034 dolentem
878 970 987 1033 vicem
1016 962 1116 1052 quasi

118 1116 119 1119 =
204 1075 377 1140 deflevisse
403 1075 604 1160 judiciorum
628 1076 820 1139 vastitatem
844 1080 879 1138 et
907 1074 977 1138 fori.
1023 1074 1116 1153 Feci,

204 1181 355 1264 inquam,
370 1181 456 1245 istuc
471 1181 618 1262 quidem,
633 1187 668 1243 et
683 1201 781 1264 saepe
803 1180 900 1243 facio.
945 1179 997 1243 22.
1023 1179 1115 1243 Nam

204 1285 297 1364 mihi,
313 1285 425 1363 Brute,
439 1285 475 1348 in
496 1291 530 1349 te
551 1285 696 1349 intuenti
717 1286 828 1349 crebro
843 1285 877 1347 in
894 1289 1042 1348 mentem
1062 1304 1116 1347 ve·

204 1390 256 1454 nit
283 1389 393 1469 varen,
418 1389 626 1472 ecquodnam
649 1388 845 1453 curriculum
868 1388 1049 1471 aliquando
1072 1388 1116 1452 sit

204 1493 357 1557 habitura
380 1499 441 1557 tua
464 1499 498 1556 et
523 1500 643 1557 natura
663 1493 867 1558 admirabilis
890 1500 924 1558 et
948 1494 1117 1584 exquisita

203 1597 355 1662 doctrina
380 1604 414 1662 et
438 1597 612 1684 singularis
633 1598 805 1663 industria
852 1598 941 1662 Cum
965 1573 1143 1688 'sinsin

204 1703 361 1767 maximis
385 1704 494 1767 causis
515 1710 665 1768 versatus
680 1724 780 1782 esses,
795 1707 921 1767 etcum
937 1703 1000 1767 tibi
1021 1704 1116 1766 aeta‘s

205 1814 318 1872 nostra
336 1808 408 1892 jam
424 1807 553 1873 eederet
573 1809 748 1891 fascesque
771 1807 989 1886 submitteret,
1004 1807 1115 1870 subito

203 1914 240 1976 in
264 1914 400 1977 civitate
424 1934 501 1977 cum
533 1913 602 1976 alia
624 1912 822 1992 ceciderunt,
846 1918 920 1975 turn
946 1912 1049 1975 etiam
1075 1932 1116 1975 ea

204 2018 288 2103 ipsa,
304 2018 345 2080 de
360 2039 429 2101 qua
444 2017 612 2101 disputare
628 2016 783 2095 ordimur,
794 2015 984 2099 eloquentia
1000 2018 1116 2079 obmu-

204 2123 278 2186 tuit.
322 2121 374 2185 23.
401 2120 490 2185 Tum
512 2119 576 2199 ille,
595 2119 787 2185 Ceterarum
808 2142 917 2185 rerum
941 2142 1052 2200 causa,
1067 2122 1116 2183 in·

205 2228 288 2309 quit,
308 2226 395 2289 istuc
419 2230 453 2288 et
477 2224 628 2318 doleo'et
651 2224 832 2290 dolendum
860 2233 961 2311 puto;
983 2225 1117 2289 dicendi

205 2337 320 2395 autem
343 2351 397 2393 me
420 2351 486 2394 non
509 2336 580 2393 tam
603 2328 729 2395 fructus
747 2336 781 2393 et
803 2331 907 2416 gloria
923 2352 1024 2414 quam
1049 2337 1116 2395 stu·

206 2436 300 2500 dium
323 2435 435 2520 ipsum
460 2436 717 2519 exercitatioque
739 2435 898 2516 delectat3
921 2435 1011 2519 quod
1033 2436 1116 2499 milri

205 2539 298 2605 nulla
308 2561 359 2603 res
372 2541 488 2624 eripiet
503 2546 536 2603 te
552 2541 742 2626 praesertim
757 2545 828 2604 tam
844 2539 1003 2604 studioso.
1038 2540 1117 2604 Ete-

205 2646 276 2709 nim
299 2644 406 2709 dicere
429 2647 512 2708 bene
534 2666 635 2709 nemo
655 2650 772 2730 potest,
788 2645 852 2708 nisi
867 2645 925 2727 qui
942 2644 1117 2731 prudenter

114 2783 130 2804 s
204 2749 369 2834 intelligit
419 2749 532 2826 Quare
548 2750 605 2833 qui
620 2749 830 2831 eloquentiae
845 2771 941 2813 verae
959 2749 1019 2814 dat
1040 2772 1116 2835 ope·

127 2911 137 2932 ,,
158 2913 161 2922 «
205 2856 362 2934 remeat
377 2855 580 2941 prudentiae,
596 2876 666 2938 qua
683 2875 723 2917 ne
742 2855 899 2918 maximis
922 2856 1058 2937 quidem
1081 2856 1116 2920 in

204 2960 299 3025 bellis
322 2981 430 3044 aequo
448 2960 562 3024 animo
581 2980 688 3023 carere
711 2959 889 3042 quisquam
909 2965 1028 3045 potest
1064 2960 1117 3023 24.

207 3065 385 3146 Praeclare,
399 3066 547 3149 inquam,
564 3066 676 3144 Brute,
691 3064 783 3144 dicis,
799 3086 905 3147 eoque
921 3066 1031 3150 magis
1051 3066 1117 3129 ista

205 3169 338 3234 dicendi
362 3170 463 3234 laude
492 3170 643 3250 delector,
666 3169 756 3254 quod
779 3176 896 3248 cetera,
923 3190 1009 3251 quae
1038 3175 1118 3233 sunt

206 3274 376 3357 quondam
403 3274 518 3338 habita
539 3276 575 3338 in
601 3275 735 3338 civitate
762 3273 1117 3358 pulchenimamemo

206 3385 258 3444 est
280 3386 351 3443 tam
377 3379 521 3459 humilis,
543 3382 600 3464 qui
622 3402 657 3444 se
681 3402 748 3444 non
774 3388 833 3445 aut
857 3401 954 3466 posse
976 3380 1117 3465 adipisci

205 3492 265 3550 aut
280 3485 440 3570 adeptum
457 3491 559 3570 putet
596 3484 818 3568 Eloquentem
834 3486 1003 3549 neminem
1019 3485 1115 3550 video
