2542 4117
222 304 287 374 106
494 323 631 370 neurus.
675 327 746 370 cre.
768 326 872 370 cxxx.

222 479 288 545 lere
310 479 473 561 diximus;
496 499 557 543 nee
579 486 649 544 erat
672 479 740 544 ulia
754 480 804 543 vis
820 485 921 564 atque
944 482 1137 546 contentio:

223 585 293 650 sive
309 585 458 665 consiliu,
474 585 645 669 quodem,
661 607 803 669 quorum
819 586 913 650 altior
931 587 1038 650 oratio
1054 588 1136 649 acti·

227 710 315 773 oque
338 697 426 754 esset
447 690 619 770 ardentior,
636 689 741 754 furere
765 696 799 753 et
825 691 978 754 bacchari
1000 692 1136 754 arbitra·

222 802 319 874 retur,
336 795 404 858 sive
427 794 517 878 quod
539 801 658 859 natura
673 816 740 861 non
756 802 844 859 esset
859 796 907 859 ita
928 794 1048 876 factus,
1064 797 1135 859 sive

220 899 314 983 quod
330 921 398 963 non
410 906 612 980 consuesset,
624 901 693 963 sive
708 900 799 983 quod
812 921 879 963 non
892 906 1013 985 posset
1058 901 1136 965 Hoc

224 1025 331 1068 unum
358 1003 415 1093 illi,
437 1005 466 1067 si
492 1004 574 1068 nihil
597 1005 752 1068 utilitatis
776 1005 931 1083 habebat,
957 1004 1083 1086 abfuit3
1107 1006 1136 1070 si

224 1130 310 1194 opus
325 1116 403 1188 erat,
414 1109 529 1173 defuit
567 1109 640 1173 277.
667 1108 875 1186 Quinetiam
892 1111 1040 1189 memini,
1055 1131 1135 1174 cum

224 1213 260 1277 in
277 1214 488 1277 accusatione
504 1236 566 1277 sua
584 1213 626 1291 Q.
645 1213 754 1278 Gallio
766 1215 893 1278 crimini
910 1215 1056 1279 dedisset
1071 1216 1136 1279 sibi

224 1336 304 1381 eum
328 1338 494 1381 venenum
518 1319 685 1402 paravisse
707 1318 808 1402 idque
831 1340 852 1383 a
875 1341 909 1382 se
925 1341 997 1382 esse
1021 1319 1136 1405 depre-

226 1421 377 1500 hensum,
404 1442 542 1505 seseque
564 1423 779 1508 chirographa
805 1422 1057 1488 testificationes
1087 1425 1137 1489 in·

225 1526 313 1590 dicia
328 1527 539 1609 quaestiones
554 1527 768 1592 manifestam
780 1549 848 1591 rem
865 1527 986 1592 deferre
1003 1529 1138 1608 diceret,

225 1630 333 1713 deque
356 1651 395 1694 eo
418 1631 555 1696 crimine
571 1638 723 1696 accurate
747 1639 782 1696 et
802 1634 964 1716 exquisite
987 1634 1138 1718 disputa·

225 1736 337 1815 visset,
352 1757 406 1799 nie
430 1737 463 1800 in
488 1737 727 1821 respondendo,
742 1759 821 1801 cum
836 1759 944 1802 essem
959 1760 1138 1824 argumen-

224 1846 326 1921 tatus,
341 1847 505 1925 quantum
526 1863 578 1905 res
601 1840 733 1922 serebat,
749 1843 812 1906 hoc
826 1845 938 1928 ipsum
954 1845 1056 1908 etiam
1079 1866 1137 1930 po·

226 1948 332 2012 suisse
363 1968 421 2031 pro
451 1953 658 2032 argumento,
687 1948 776 2030 quod
805 1948 869 2028 ille,
898 1970 977 2012 cum
1007 1956 1137 2034 pestem

224 2055 345 2139 capitis
376 2054 429 2118 sui
458 2074 535 2117 cum
568 2054 693 2118 indicia
726 2056 841 2119 mortis
871 2077 906 2119 se
936 2058 1138 2144 comperisse

225 2157 405 2225 manifesto
435 2164 469 2222 et
494 2178 598 2222 manu
623 2165 736 2223 tenere
766 2159 896 2239 diceret,
925 2166 996 2225 tam
1028 2162 1139 2227 solute

226 2266 351 2349 egisset
380 2270 451 2328 tarn
485 2263 600 2328 leniter
632 2270 705 2328 tam
739 2266 923 2330 oscitanter.
976 2266 1050 2330 278.
1088 2266 1139 2333 'Pu

227 2372 318 2449 istuc,
342 2370 390 2434 M.
416 2369 617 2452 Gratidiani
631 2374 788 2456 fingeres,
810 2374 857 2437 sic
880 2374 1019 2457 ageres?
1040 2395 1138 2454 pree·

225 2478 335 2540 sertim
366 2496 436 2541 cnm
465 2479 529 2542 ista
557 2479 737 2557 eloquentia
769 2478 945 2543 alienorum
976 2478 1139 2543 dominnm

223 2581 368 2662 periente
393 2581 564 2665 defendere
592 2584 745 2647 acerrime
775 2583 888 2662 solens,
919 2590 1005 2648 terrm
1033 2586 1138 2668 negli-

221 2687 346 2771 geres?
392 2685 453 2751 Uei
472 2688 588 2753 dolor?
610 2688 666 2753 ubi
680 2687 778 2751 ardor
792 2689 899 2767 animi,
915 2690 970 2768 qui
984 2691 1081 2753 etiam
1096 2710 1139 2754 ee

226 2792 397 2873 infantium
412 2793 551 2874 ingeniis
566 2793 680 2856 elicere
702 2813 794 2856 voces
818 2800 849 2858 et
871 2794 1016 2873 queretur
1031 2794 1138 2859 solet?

228 2896 329 2961 Nulla
344 2897 543 2976 perturbatio
565 2898 665 2961 antini
681 2898 771 2962 nelle
788 2900 937 2978 corporis,
953 2902 1052 2981 frons
1072 2920 1139 2964 eon

221 3022 378 3083 percusse
406 3021 470 3066 nore
491 3004 612 3084 femur,
636 3002 742 3082 pedis,
771 3003 856 3082 quod
886 3005 1047 3068 minimum
1080 3012 1137 3084 est,

226 3108 317 3172 nullu
340 3107 508 3186 supplosio.
553 3105 664 3187 Itaque
689 3114 809 3171 tentem
829 3108 942 3189 abfuit,
956 3115 991 3172 ut
1013 3110 1138 3192 inflam-

225 3231 331 3276 mares
352 3218 477 3276 nostros
499 3211 621 3275 animos
629 3232 642 3289 ;
664 3232 806 3276 somnum
821 3212 882 3276 isto
899 3213 966 3275 loeo
983 3214 1036 3276 vie
1052 3221 1137 3278 terre·

227 3317 346 3382 bamus.
394 3315 451 3379 Sic
472 3335 533 3378 nos
549 3317 673 3379 summi
695 3317 831 3379 oratoris
846 3316 899 3380 vel
919 3318 1062 3380 sanitate
1085 3317 1139 3382 vel

227 3422 309 3486 vitio
339 3441 396 3506 pro
419 3427 617 3504 argumento
644 3421 687 3485 ed
713 3422 908 3486 diluendum
932 3423 1056 3487 crimen
1082 3426 1139 3488 usi

226 3546 354 3590 sumus.
406 3525 480 3590 279.
513 3524 604 3590 Tum
631 3526 765 3607 Brutus,
794 3528 906 3611 Atque
933 3527 1138 3609 dubitamus,
