2542 4117
219 324 262 389 68
501 344 638 389 saurus.
682 346 753 388 cur.
777 345 820 387 nr.

221 499 350 583 luptate
373 498 520 581 quadam
545 498 760 583 perfunditur.
807 497 902 576 Quid
918 500 1029 578 habes,
1045 499 1142 583 quod

221 604 396 689 disputes?
436 604 573 669 Gaudet
593 603 692 683 dolet,
707 604 792 668 ridet
814 604 928 689 plorat
943 604 1035 668 lavet
1057 606 1141 683 odit,
1256 635 1257 684 l

221 710 406 775 contemnit
419 709 555 789 invidet,
567 709 611 772 ad
633 709 890 773 misericordiam
907 709 1075 773 inducitur
1091 710 1142 773 ad

222 814 417 901 pudendum
446 814 490 877 ad
516 814 711 899 pigendum‚
726 815 878 877 irascitur
900 815 1047 893 miratur,
1063 836 1141 898 spe-

223 926 276 985 rat
296 921 410 983 timet:
433 920 515 982 haec
536 919 671 1003 perinde
693 918 859 997 accidunt,
874 924 913 982 ut
935 939 1062 997 eorum,
1076 919 1142 1000 qui

224 1025 357 1104 adsunt,
384 1030 513 1087 mentes
540 1024 646 1087 verbis
676 1029 710 1086 et
739 1024 913 1087 sententiis
939 1029 974 1086 et
1000 1024 1141 1087 actione

223 1136 415 1194 tractantur.
456 1127 550 1206 Quid
572 1135 632 1208 est,
644 1128 734 1211 quod
750 1135 958 1213 exspectetur
972 1129 1062 1192 docti
1078 1129 1141 1192 ali-

224 1235 320 1319 cujus
343 1233 531 1297 sententia?
580 1232 683 1311 Quod
701 1235 791 1297 enirn
809 1236 927 1318 probat
942 1233 1140 1313 multitud0,

225 1341 287 1403 hoc
309 1340 399 1402 idem
423 1339 529 1402 doctis
554 1340 764 1424 probandum
788 1344 847 1402 est.
892 1339 1046 1422 Denique
1072 1340 1141 1403 hoe

222 1444 391 1527 specimen
412 1455 463 1506 est
483 1442 650 1528 popularis
670 1444 796 1527 judicii,
812 1444 847 1506 in
869 1466 937 1526 quo
960 1465 1140 1527 nunquam

222 1549 287 1612 fuit
301 1548 426 1632 populo
441 1569 519 1611 curn
535 1549 642 1611 doctis
663 1547 990 1632 intelligentibusque
1010 1549 1141 1612 dissen-

222 1653 283 1716 sio.
327 1651 401 1716 189.
428 1653 515 1716 Cum
546 1652 644 1716 multi
670 1660 782 1715 essent
805 1658 949 1716 oratores
979 1653 1014 1716 in
1043 1655 1139 1718 vario

224 1778 343 1844 genere
369 1758 511 1836 dicendi,
541 1757 615 1840 quis
646 1778 795 1839 unquam
826 1778 867 1819 ex
897 1758 948 1821 tris
978 1757 1139 1821 excellere

220 1864 391 1949 judicatus
414 1869 465 1926 est
486 1862 575 1949 vulgi
597 1861 736 1946 judicio,
758 1862 816 1944 qui
838 1883 906 1926 non
920 1862 1012 1926 idern
1035 1884 1058 1926 a
1079 1863 1139 1927 do·
1256 1867 1257 1874 ’

223 1971 286 2033 ctis
302 1966 518 2053 probaretur?
559 1965 709 2044 Quando
726 1973 841 2030 autem
858 1966 999 2030 dubium
1016 1966 1139 2032 fuisset

224 2074 315 2158 apud
340 2080 449 2158 patres
471 2078 608 2149 nostros,
624 2070 768 2156 eligendi
783 2072 838 2134 cui
857 2072 987 2156 patroni
1003 2072 1139 2136 daretur

224 2179 326 2263 optio,
342 2179 422 2260 quin
445 2183 505 2240 aut
527 2177 715 2240 Antonium
731 2181 860 2261 optaret
875 2182 935 2240 aut
953 2176 1138 2241 Crassum?

227 2282 376 2347 Aderant
398 2280 494 2345 multi
517 2281 591 2344 alii:
614 2287 739 2360 tamen,
754 2288 866 2345 utrum
882 2283 923 2345 de
944 2282 994 2345 his
1015 2284 1140 2366 potius,

224 2387 411 2451 dubitasset
432 2386 569 2469 aliquis3
592 2387 674 2468 quin
697 2386 848 2465 alterurn,
869 2406 978 2450 nemo.
1018 2386 1138 2465 Quid?

223 2491 490 2556 adolescentibus
518 2491 613 2554 nobis
636 2512 715 2554 cunr
739 2499 851 2554 essent
870 2490 972 2555 Cotta
993 2499 1028 2555 et
1051 2493 1138 2557 Hor·

224 2597 363 2675 tensius,
379 2617 460 2659 num
483 2597 566 2678 quis,
587 2596 642 2659 cui
664 2595 800 2678 quidem
822 2595 967 2681 eligendi
987 2603 1139 2681 potestas

216 2709 322 2780 esset,
352 2722 558 2784 quemquam
590 2700 642 2763 his
673 2700 922 2784 anteponebatl
976 2700 1034 2765 LI.
1060 2702 1138 2766 190.

227 2807 317 2871 Tum
334 2806 467 2884 BrutuS,
486 2805 580 2883 Quid
596 2812 645 2884 tu,
659 2805 777 2888 inquit,
792 2807 922 2888 quaeris
938 2805 1045 2869 alios?
1085 2807 1139 2871 De

223 2920 258 2977 te
280 2913 354 2996 ipso
378 2932 497 2989 nonne,
512 2911 593 2993 quid
611 2918 764 2995 optarent
782 2912 838 2989 rei,
854 2911 935 2994 quid
955 2912 1028 2996 ipse
1052 2912 1139 2976 Hor·

224 3019 353 3083 tensius
374 3017 546 3101 judicaret,
561 3015 769 3095 videbamus,
785 3016 852 3098 qui,
868 3037 945 3079 cum
962 3017 1139 3100 partiretur

223 3131 336 3188 tecum
361 3143 482 3186 causas
515 3121 628 3207 (saepe
658 3122 749 3183 enim
775 3121 935 3206 interlui),
962 3122 1139 3206 perorandi

222 3229 346 3307 locum,
366 3228 423 3290 ubi
451 3226 630 3311 plurimum
658 3225 759 3310 pollet
784 3228 899 3306 oratio,
922 3248 1051 3313 semper
1075 3230 1139 3293 tibi

222 3329 452 3416 relinquebat?
498 3330 661 3394 Faciebat
683 3331 737 3395 ille
761 3332 907 3415 quidem,
930 3334 1080 3416 inquam,
1103 3341 1140 3399 et

223 3440 307 3506 mihi
321 3436 561 3518 benevolentia,
573 3438 678 3517 credo,
694 3438 815 3503 ductus
830 3440 996 3503 tribuebat
1010 3441 1137 3504 omnia.

227 3544 296 3609 Sed
319 3564 391 3636 ego,
406 3563 493 3626 qnae
514 3543 555 3606 de
578 3563 632 3607 me
655 3544 771 3629 populi
793 3545 837 3609 sit
864 3546 987 3631 opinis,
1003 3546 1138 3611 nescio:
