2542 4117
189 315 232 383 86
467 336 603 380 neurus.
648 336 718 379 car.
741 336 819 382 nxv.

189 490 263 555 230.
294 489 341 554 sic
372 487 570 553 Hortensius
600 511 667 553 non
695 512 773 554 cum
803 488 872 553 suis
902 489 1105 572 aequalibus

191 596 297 660 solum
315 595 372 658 sed
387 602 422 659 et
436 616 511 658 mea
527 616 604 658 eum
620 602 733 659 aetate
748 602 783 659 et
802 617 879 660 cum
897 601 970 675 tua,
987 596 1106 675 Brute,

189 707 224 765 et
247 721 324 764 cum
347 699 518 783 aliquanto
539 700 705 785 superiore
725 700 952 785 conjungitur;
975 701 1005 762 si
1030 701 1104 782 qui·

189 805 265 870 dem
282 812 315 870 et
335 805 456 868 Crasso
471 806 547 868 vivo
569 805 675 868 dicere
692 804 828 885 solebat,
844 811 877 867 et
897 806 1007 888 magis
1028 807 1103 889 jam

190 913 292 975 etiam
316 911 451 995 vigebat
474 909 575 973 cum*
602 910 748 973 Antonio
776 915 810 972 et
835 931 912 972 eum
944 909 1104 994 Philippo

187 1017 258 1102 jam
284 1036 361 1079 sene
385 1035 443 1099 pro
469 1014 529 1078 Cn.
552 1013 704 1098 Pompeii
728 1014 823 1077 bonis
846 1013 1015 1076 dicentef*
1062 1015 1103 1078 In

188 1120 246 1185 illa
269 1141 380 1198 causa,
396 1118 586 1183 adolescens
607 1139 685 1181 cum
701 1125 796 1197 esset,
812 1119 962 1203 princeps
978 1117 1051 1198 fuit,
1067 1125 1105 1182 et

189 1226 225 1289 in
238 1246 360 1303 eorum,
372 1244 457 1307 quos
467 1224 501 1286 in
521 1217 662 1308 Sdlpicii
678 1229 787 1286 aetate
803 1224 909 1307 posui,
922 1244 1103 1287 numerum

190 1328 285 1394 facile
309 1333 516 1414 pervenerat:
539 1335 574 1390 et
595 1349 674 1391 suos
696 1329 781 1391 inter
804 1327 961 1410 aequales
980 1326 1028 1391 M.
1050 1327 1105 1391 Pi·

190 1454 306 1498 sonem
331 1432 378 1496 M.
397 1433 555 1495 Crassum
576 1432 636 1496 Cn.
654 1432 837 1496 Lentulum
860 1432 896 1495 P.
914 1432 1103 1496 Lentulum

193 1536 313 1602 Suram
336 1538 434 1623 longe
457 1537 637 1622 praestitit:
656 1543 690 1600 et
708 1557 762 1600 me
779 1536 1027 1601 adolescentem
1045 1559 1102 1602 na·

189 1648 263 1707 ctus
279 1649 354 1707 octo
370 1643 467 1707 annis
484 1643 655 1721 minorem,
674 1663 774 1725 quam
792 1648 861 1706 erat
879 1643 960 1726 ipse,
976 1642 1102 1706 multos

186 1770 296 1813 vanrros
318 1750 353 1813 in
376 1748 487 1813 studio
505 1747 654 1832 ejusdem
676 1747 785 1811 laudis
808 1747 972 1811 exercuit:
996 1753 1032 1810 et
1055 1759 1103 1810 te·

189 1875 267 1918 cum
283 1854 382 1918 simul
397 1855 482 1918 sicut
497 1874 560 1938 ego
576 1873 633 1936 pro
650 1853 763 1916 multis
779 1853 826 1916 sic
840 1852 894 1915 ille
911 1873 968 1937 pro
986 1852 1102 1937 Appio

193 1958 335 2022 Claudio
351 1958 433 2022 dixit
448 1956 560 2042 paullo
576 1964 653 2020 ante
669 1964 818 2020 mortem.

186 2096 190 2103 ·
235 2062 343 2126 LXV.
387 2062 460 2125 231.
485 2061 590 2125 Vides
613 2063 722 2147 igitur,
744 2069 783 2126 ut
805 2062 847 2125 ad
870 2068 903 2124 te
927 2067 1101 2142 oratorem,

190 2166 313 2245 Brute,
328 2166 570 2250 pervenerimus
596 2174 668 2230 tam
695 2166 808 2230 multis
834 2167 918 2230 inter
949 2174 1101 2230 nostrum

188 2277 353 2353 tuumque
368 2270 501 2333 initium
517 2271 649 2335 dicendi
671 2272 870 2357 interpositis
892 2271 1101 2335 oratoribus?

189 2396 229 2438 ex
244 2376 364 2457 quibus
380 2376 540 2457 quoniam
556 2377 589 2440 in
606 2373 669 2439 hcc
690 2397 839 2439 sermone
860 2383 971 2439 nostro
995 2375 1101 2439 statui

189 2482 357 2544 neminem
381 2502 506 2560 eorum,
524 2483 582 2564 qui
603 2483 760 2560 viverent,
775 2482 957 2559 nominare,
980 2502 1022 2543 ne
1041 2502 1100 2544 vos

189 2587 349 2650 curiosius
374 2587 531 2650 eliceretis
556 2608 596 2650 ex
618 2608 681 2665 me,
697 2586 777 2668 quid
799 2587 841 2649 de
859 2607 992 2669 quoque
1012 2585 1101 2669 judi·

189 2691 307 2772 caram,
319 2714 385 2771 eos,
398 2694 454 2775 qui
467 2693 537 2776 jam
551 2698 629 2756 sunt
643 2693 772 2771 mortui,
784 2692 972 2755 nominabo.
1008 2691 1100 2755 Tum

191 2797 324 2875 Brutus,
346 2796 423 2860 Non
445 2803 504 2875 est,
520 2797 637 2879 inquit,
659 2796 725 2859 ista
747 2817 858 2874 eausa,
880 2817 981 2879 quam
1008 2795 1101 2876 dicis,

188 2904 406 2987 quamobrem
430 2901 471 2964 de
494 2902 543 2979 iis,
559 2901 617 2983 qui
639 2901 764 2980 vivunt,
780 2901 861 2963 nihil
880 2900 959 2962 velis
983 2900 1101 2963 dicere.

194 3007 373 3086 Quaenam
389 3008 498 3093 igitur,
513 3007 662 3089 inquam,
677 3004 752 3068 est?
791 3004 905 3067 Vereri
919 3010 962 3082 te,
978 3004 1099 3088 inquit,

190 3115 336 3192 arbitror,
360 3135 401 3176 ne
425 3134 482 3198 per
503 3133 563 3174 nos
590 3112 643 3174 hie
666 3132 773 3174 sermo
795 3117 876 3174 tuus
898 3116 1042 3190 emanet,
1065 3117 1101 3175 et

188 3219 212 3282 ii
229 3219 290 3281 tibi
305 3223 530 3295 succenseant,
545 3237 628 3299 quos
645 3216 855 3300 praeterieris.
897 3214 1013 3292 Quid?
1030 3236 1101 3295 vos,

222 3389 235 3414 ⁴*
251 3391 299 3439 Ed.
311 3391 408 3439 Princ.:
424 3388 511 3451 viqcbat
521 3386 629 3435 Antonio.

218 3469 246 3494 Μ’
263 3472 361 3533 Meyer:
377 3469 464 3518 dicerne
478 3468 503 3517 in
519 3466 560 3516 illc
576 3484 654 3515 eausa.
690 3468 808 3532 Madvig:
824 3468 912 3533 vinciat
927 3484 976 3517 cnm
988 3467 1101 3527 Antonio,

185 3557 214 3610 ct,
225 3547 336 3612 Philippo
347 3550 401 3614 jam
411 3566 463 3598 sene
472 3564 518 3613 pro
533 3546 574 3597 On.
586 3546 696 3611 Pompeii
706 3549 769 3598 bonis
779 3547 872 3609 dianna
881 3549 906 3598 in
915 3548 957 3598 illu
964 3564 1043 3607 causa,
1052 3556 1100 3598 etc.
