2542 4117
428 361 565 406 usurus.
610 364 680 406 cnr.
705 364 785 408 xcrr.
991 342 1055 409 123

143 512 277 578 dicendi
292 515 493 600 impunitate
509 521 543 579 et
556 515 692 580 licentia
702 518 898 602 reprimeret,
910 526 944 583 et
958 520 1055 603 quasi

141 626 235 682 extra
259 621 347 704 ripas
371 618 558 685 diffluentes
583 625 752 685 coerceret.
798 623 850 687 Ite
870 626 978 709 recepi
1001 646 1055 689 me

140 724 280 788 biennio
310 731 387 810 post
416 748 482 789 non
507 727 609 791 modo
634 728 839 791 exercitatior
868 728 926 792 sed
955 750 1056 814 prope

141 834 314 892 mutatus:
339 850 417 893 nam
441 837 474 894 et
499 833 670 895 contentio
693 832 798 895 nimia
818 833 908 895 vocis
930 832 1057 897 resede-

141 933 219 1012 rat:
234 940 268 996 et
283 936 380 1017 quasi
403 934 582 1000 deferverat
604 938 720 1017 oratic,
734 936 956 1020 lateribusque
972 939 1056 1002 vires

141 1043 178 1101 et
201 1041 329 1123 corpori
353 1039 528 1104 mediocris
552 1042 686 1105 habitus
709 1047 899 1105 accesserat
946 1042 1055 1107 XCII.

142 1141 216 1206 317.
241 1142 320 1207 Duc
340 1150 413 1207 tum
429 1145 632 1209 excellebant
656 1152 809 1226 oratores,
824 1147 883 1230 qui
905 1167 960 1210 me
982 1147 1056 1211 imi·

141 1246 238 1312 tandi
261 1247 443 1332 cupiditate
463 1250 648 1330 incitarent,
667 1251 769 1314 Cotta
790 1257 824 1314 et
847 1250 1055 1329 Hortensius,

142 1373 286 1434 quorum
309 1352 390 1416 alter
406 1355 563 1418 remissus
587 1361 620 1418 et
642 1354 725 1418 lenis
741 1362 775 1419 et
797 1356 934 1440 propriis
949 1356 1055 1420 verbis

143 1458 426 1542 comprehendens
448 1458 555 1523 solute
576 1465 610 1523 et
631 1459 727 1524 facilc
749 1462 959 1540 sententiam,
975 1460 1056 1525 alter

143 1569 281 1627 ornatus
297 1584 370 1627 acer
386 1570 419 1627 et
435 1586 501 1628 non
524 1564 610 1645 talis,
624 1564 759 1648 qualem
781 1574 819 1628 tu
836 1586 925 1645 eum,
942 1566 1056 1644 Brute,

139 1666 211 1752 jam
237 1666 508 1733 deflorescentem
532 1670 726 1755 cognovisti,
747 1669 805 1733 sed
827 1672 999 1734 verborum
1023 1675 1058 1733 et

143 1773 286 1836 actionis
316 1794 436 1858 genere
463 1775 670 1838 commotior.
716 1774 833 1856 Itaque
864 1795 941 1837 cum
973 1773 1057 1836 Hor·

141 1878 252 1941 tensio
278 1879 362 1941 mihi
386 1879 496 1964 magis
521 1880 702 1942 arbitrabar
723 1900 792 1942 rem
813 1899 895 1957 esse,
910 1877 1000 1961 quod
1023 1882 1057 1941 et

142 1981 275 2047 dicendi
292 1982 405 2046 ardore
418 2004 504 2047 eram
523 1984 653 2068 propior
668 1990 701 2047 et
716 1990 825 2048 aetate
841 1983 1055 2067 conjunctior.

145 2086 282 2153 Etenim
298 2087 443 2152 videram
464 2089 499 2152 in
523 2089 644 2152 iisdem
663 2090 782 2167 causis,
798 2093 835 2151 ut
850 2109 908 2173 pro
926 2087 973 2151 M.
992 2087 1057 2151 Ce-

142 2193 256 2258 nuleio
279 2213 336 2277 pro
365 2193 425 2257 Cn.
453 2192 625 2257 Dolabella
650 2194 824 2273 consulari,
845 2214 923 2256 cum
954 2193 1056 2256 Cotta

142 2298 295 2383 princeps
327 2297 496 2362 adhibitus
527 2305 623 2377 esset,
658 2299 778 2384 priores
808 2303 924 2362 tamen
958 2317 1056 2383 agere

142 2409 254 2489 partes
281 2402 505 2467 Hortensium.
553 2406 672 2467 Acrem
698 2405 787 2467 enirn
818 2410 980 2467 oratorem
1006 2403 1056 2466 in-

143 2529 283 2572 censum
302 2513 336 2571 et
358 2514 514 2593 agentem
531 2515 565 2572 et
580 2529 739 2572 canorum
755 2530 935 2572 concursus
951 2508 1056 2571 homi·

143 2632 227 2677 num
258 2611 384 2695 forique
419 2613 574 2697 strepitus
606 2612 778 2676 desiderat
833 2611 906 2675 318.
939 2612 1055 2675 Unum

141 2717 246 2802 igitur
271 2738 407 2797 annum,
427 2739 504 2781 cum
527 2717 740 2781 rediissemus
763 2738 803 2780 ex
829 2716 920 2794 Asia,
935 2736 1055 2779 causas

143 2821 272 2886 nobiles
288 2823 428 2907 egimus,
444 2844 521 2886 cum
538 2829 751 2906 quaesturam
766 2843 828 2885 nos
843 2820 1055 2885 consulatum

146 2927 251 2990 Cotta
277 2927 480 2991 aedilitatem
503 2935 628 3012 peteret
657 2927 863 2991 Hortensius.
920 2925 1055 2989 Interim

143 3054 200 3097 me
223 3039 432 3115 quaestorem
460 3033 643 3098 Siciliensis
664 3033 793 3116 excepit
815 3052 932 3109 annue,
954 3029 1055 3092 Cotta

143 3159 185 3202 ex
208 3138 384 3202 consulatu
407 3144 459 3202 est
483 3136 647 3223 proiectus
673 3137 708 3199 iu
733 3135 889 3214 Galliam,
905 3135 1055 3219 princeps

143 3249 179 3306 et
203 3249 274 3307 erat
299 3248 334 3306 et
360 3244 544 3306 habebatur
571 3241 777 3305 Hortensius.
826 3240 914 3303 Cum
941 3243 1054 3301 eutem

143 3369 235 3420 anno
251 3354 359 3432 poste
378 3348 493 3412 Sicilia
510 3369 562 3411 me
578 3347 783 3431 recepissem,
795 3345 866 3430 jam
883 3343 1056 3407 videbatur

352 3572 366 3599 ⁴
382 3575 437 3626 The
448 3590 566 3626 common
576 3574 711 3639 readingis
724 3571 843 3624 reciderat.
