2542 4117
454 332 589 377 saurus.
633 335 704 378 cre.
727 337 759 379 v.
1049 318 1071 382 ⁷

88 498 91 502 “
158 504 226 548 non
249 484 344 548 illum
366 485 503 568 quidem
524 487 584 551 tibi
608 487 786 552 molestum
814 489 872 554 sed
895 491 1070 556 assiduum

157 595 274 654 tamen
305 596 339 655 ei
368 612 478 655 acrem
508 591 584 656 sore.
631 593 721 658 Tum
753 595 968 680 Pomponius,
993 597 1069 682 Ego

157 718 244 777 vero,
261 699 377 781 inquii,
395 698 538 761 Brutum
555 699 637 763 nihil
655 702 786 764 mentiri
808 707 899 786 pute.
945 700 1071 766 Videor

158 804 250 866 enim
273 803 344 888 jam
371 808 405 867 te
434 825 573 867 ausurus
603 826 676 868 esse
706 804 880 890 appellare,
909 807 1070 887 quoniam

112 963 115 966 ,
158 906 260 992 longo
276 907 449 971 intervallo
465 908 566 971 modo
582 910 727 994 primum
742 910 959 973 animadverti
977 909 1071 994 paul·

157 1011 191 1075 lo
207 1019 241 1074 te
257 1012 452 1076 hilariorem.
496 1013 547 1076 19.
572 1013 698 1097 Itaque,
714 1015 876 1096 quoniam
899 1015 963 1093 hic,
978 1011 1070 1096 quod

158 1116 244 1179 mihi
267 1116 446 1197 deberetur,
462 1139 497 1180 se
512 1125 705 1182 exacturum
724 1117 890 1203 professus
905 1123 965 1198 esi,
980 1117 1070 1202 qnod

157 1221 238 1283 huic
268 1220 377 1301 debes,
404 1242 466 1306 ego
497 1243 518 1285 a
541 1228 575 1285 te
599 1228 686 1308 peto.
734 1221 907 1300 Quidnam
933 1222 992 1286 id?
1022 1223 1072 1285 in·

157 1346 272 1408 quam.
321 1326 367 1389 Ut
392 1328 524 1406 scribas,
550 1328 668 1408 inquit,
698 1326 841 1411 aliquid:
867 1328 1070 1412 jampridem

159 1432 250 1493 enim
267 1431 497 1495 conticuerunt
511 1437 590 1494 tuae
605 1430 727 1495 literae.
775 1432 864 1496 Nam
880 1442 918 1496 ut
940 1432 1014 1496 illos
1029 1431 1072 1496 de

157 1555 193 1598 re
216 1536 349 1619 publica
370 1536 469 1600 libros
492 1536 632 1617 edidisti,
653 1536 736 1624 nihii
754 1558 778 1624 ‚a
795 1543 829 1601 te
850 1558 930 1628 sane
944 1543 1071 1623 ,postea

158 1642 369 1725 accepimus:
392 1642 505 1724 eisque
521 1647 653 1704 nosmet
666 1642 731 1726 ipsi
746 1642 789 1706 ad
805 1648 952 1706 veterum
969 1662 1072 1705 anna·

157 1745 242 1809 lium
270 1746 464 1809 memoriam
491 1746 835 1830 comprehendendam
861 1745 998 1831 impulsi
1024 1752 1073 1809 at·

51 1907 53 1914 .
158 1871 225 1932 que
241 1850 369 1914 incensi
389 1871 515 1913 sumus.
562 1849 628 1914 Sed
645 1850 712 1930 illa,
728 1871 805 1914 cum
821 1852 954 1935 poteris,
969 1857 1072 1934 atque

158 1963 199 2020 ut
214 1956 331 2040 possis,
346 1975 435 2040 roge.

203 2061 255 2124 20.
282 2061 380 2125 Nunc
402 2082 487 2140 vero,
502 2060 620 2142 inquit,
636 2060 665 2123 si
687 2080 723 2123 es
746 2061 862 2124 animo
884 2081 1002 2139 vacuo,
1018 2081 1073 2123 ex·

158 2186 247 2250 pone
263 2166 369 2245 nobie,
387 2166 479 2248 quod
494 2166 695 2247 quaerimus.
743 2164 915 2243 Quidnam
939 2170 990 2228 est
1011 2163 1071 2229 id?

157 2272 309 2352 inquam.
358 2270 459 2347 Quod
482 2271 564 2333 mihi
579 2291 684 2354 nuper
698 2271 732 2334 in
751 2269 945 2334 Tusculano
960 2269 1073 2333 incho-

119 2416 123 2426 ·
158 2377 225 2439 asti
248 2375 290 2438 de
317 2376 508 2462 oratoribus,
536 2375 672 2458 quando
697 2355 771 2439 esse
791 2376 988 2461 coepissent,
1013 2375 1073 2458 qui

159 2482 264 2544 eiiam
284 2486 317 2544 et
338 2480 454 2564 quales
474 2471 625 2543 inissent.
673 2480 785 2557 Quem
802 2502 866 2565 ego
884 2500 1072 2543 sermonem

158 2608 237 2650 eum
255 2586 300 2650 ad
316 2587 458 2649 Brutum
474 2592 582 2664 tuum,
597 2585 649 2648 vel
673 2590 822 2648 nostrum
842 2585 963 2670 potiuS,
978 2584 1074 2647 detu-

158 2692 282 2772 lissem,
309 2713 435 2777 magno
459 2713 557 2775 opere
584 2692 636 2755 hic
667 2691 781 2754 audire
809 2712 843 2753 se
870 2689 954 2753 velle
981 2689 1073 2752 dixit.

161 2798 280 2880 ltaque
297 2797 386 2859 hunc
401 2795 562 2881 elegimus
574 2797 674 2874 diem,
686 2817 763 2858 cum
778 2801 811 2859 te
827 2796 985 2858 sciremus
1001 2813 1073 2856 esse

160 2923 316 2965 vacuum.
364 2901 486 2979 Quare,
502 2902 529 2964 si
546 2902 606 2964 tibi
622 2906 673 2963 est
688 2900 914 2977 commodum,
930 2899 990 2961 ede
1005 2897 1073 2976 illa,

160 3028 247 3089 quae
268 3027 433 3091 coeperam,
449 3012 483 3069 et
499 3006 602 3069 Bruto
623 3011 658 3068 et
678 3006 768 3068 mihi.
813 3005 864 3067 21.
888 3004 964 3087 Ego
986 3022 1073 3081 vero,

159 3113 309 3193 inquam,
326 3112 354 3173 si
369 3110 531 3196 potue10‚*
549 3109 671 3173 faciam
687 3111 781 3172 vobis
797 3109 887 3171 satis.
933 3108 1073 3185 Poteris,

162 3217 289 3298 inquit:
312 3214 423 3278 relaxa
438 3216 538 3278 modo
556 3213 705 3299 paullum
721 3215 883 3293 animum,
899 3217 960 3276 aut
983 3232 1073 3291 sane,

160 3321 190 3382 si
205 3326 310 3404 potes,
325 3319 434 3383 libera.

487 3552 500 3577 *
516 3554 617 3603 Lama:
628 3555 650 3603 si
662 3562 748 3619 potero.
