2542 4117
234 328 278 394 66
505 345 642 392 saurus.
687 346 757 389 cre.
780 346 873 390 xarx.

238 501 316 566 miis
331 499 542 583 eloquentiae
558 498 736 585 propositis
754 521 871 564 omnes
893 501 1026 585 cupisse
1043 501 1157 566 dicere

240 632 307 675 non
331 610 489 696 plurimos
504 630 604 672 ausos
620 629 694 672 esse
717 608 866 693 potuisse
888 630 1027 693 paucos.
1074 610 1156 696 Ego

239 721 355 782 tamen
378 715 427 778 ita
446 715 487 778 de
507 735 711 797 unoquoque
732 713 852 794 dicam,
867 721 906 778 ut
919 715 1061 800 intelligi
1078 738 1157 800 pos·

238 822 293 899 sit,
309 842 409 904 quem
426 820 613 883 existimem
630 819 846 883 clamatorem
863 841 964 902 quem
984 828 1157 884 oratorem

240 923 351 990 fuisse.
398 924 520 989 lisdem
544 923 609 987 fere
630 925 835 1008 temporibus
851 930 962 988 aetate
983 924 1158 989 inferiores

241 1029 354 1114 paullo
377 1050 477 1112 quam
505 1028 615 1092 Julius
640 1028 697 1091 sed
723 1028 880 1111 aequales
910 1029 1159 1114 propemodum

139 1136 140 1139 ’
241 1133 376 1200 fuerunt
402 1135 440 1198 C.
466 1134 567 1198 Cotta
593 1133 631 1197 P.
661 1133 830 1218 Sulpicius
864 1132 908 1211 Q.
937 1134 1061 1198 Varius
1092 1136 1159 1199 Cn.

244 1241 452 1325 Pomponius
481 1239 518 1303 C.
552 1238 655 1302 Curio
679 1238 717 1301 L
742 1237 861 1302 Fufius
887 1238 933 1303 M.
963 1240 1094 1304 Drusus
1121 1240 1158 1303 P.

245 1346 420 1424 Antistius,
444 1366 505 1408 nec
531 1344 599 1407 ulla
622 1349 733 1407 aetate
759 1344 889 1408 uberior
913 1350 1083 1408 oratorum
1111 1345 1160 1412 fe·

116 1468 119 1472 ’
242 1457 298 1514 tus
321 1449 395 1513 fuit.
440 1448 513 1512 183.
538 1449 590 1513 Ex
615 1449 666 1512 his
692 1448 794 1512 Cotta
818 1454 852 1513 et
880 1448 1050 1533 Sulpicius
1075 1470 1158 1513 cum

244 1576 320 1619 meo
333 1554 459 1639 judicio
474 1560 547 1618 tum
564 1555 718 1617 omnium
733 1553 829 1618 facile
844 1555 969 1639 primas
983 1554 1144 1619 tulerunt

289 1660 354 1723 Hic
372 1661 515 1738 Atticus,
534 1658 718 1737 Quomodo
733 1660 820 1722 istuc
840 1659 933 1739 dicis,
944 1660 1063 1742 inquit,
1076 1680 1159 1723 cum

243 1772 304 1830 tuo
315 1766 443 1851 judicio
458 1772 532 1829 tum
555 1764 732 1828 omnium?
772 1764 954 1850 Semperne
968 1766 1004 1828 in
1027 1771 1159 1828 oratore
1251 1805 1252 1808 =

245 1872 416 1958 probando
442 1877 504 1935 aut
528 1870 748 1956 improbando
773 1869 867 1956 vulgi
884 1870 1051 1955 judicium
1076 1891 1159 1935 cum
1251 1903 1252 1920 ¹

244 1977 501 2062 intelligentium
528 1976 656 2061 judicio
686 1974 861 2060 congruit?
912 1976 967 2039 An
996 1975 1053 2039 alii
1085 1998 1159 2061 pro·

244 2085 366 2146 bantur
381 2103 402 2144 a
416 2080 631 2144 multitudine
649 2079 705 2144 alii
726 2087 840 2144 autem
855 2083 898 2145 ab
912 2081 964 2160 iis,
979 2082 1039 2164 qui
1061 2080 1159 2146 inbel-

245 2185 377 2270 liguntl
433 2184 536 2249 Recte
569 2186 715 2268 requiris,
750 2186 899 2268 inquam,
935 2187 1064 2250 Attice:
1099 2186 1160 2251 sed

246 2290 363 2356 audies
378 2312 419 2353 ex
434 2311 488 2353 me
503 2291 650 2369 fortasse,
665 2291 756 2373 quod
779 2313 845 2355 non
869 2312 986 2355 omnes
1008 2294 1160 2376 probent

247 2393 320 2459 184.
346 2396 401 2459 An
430 2400 477 2474 tu,
506 2396 624 2478 inquit,
650 2396 686 2459 id
715 2395 857 2476 laboras,
888 2398 916 2460 si
947 2398 1024 2459 huic
1054 2397 1160 2460 modo

248 2500 352 2565 Bruto
369 2502 563 2585 probaturus
578 2500 638 2564 esl
675 2500 787 2580 Plane,
797 2501 946 2584 inquam,
961 2501 1082 2580 Attice,
1094 2501 1162 2565 dis·

248 2607 458 2691 putationem
475 2607 560 2670 banc
574 2606 616 2670 de
628 2612 755 2670 oratore
771 2607 941 2692 probando
957 2613 1018 2670 aut
1037 2608 1162 2692 impro-

248 2713 360 2776 bando
384 2713 490 2777 multo
517 2713 633 2777 malim
655 2714 717 2776 tibi
739 2719 773 2776 et
797 2712 902 2775 Bruto
924 2711 1072 2797 plaeere:
1095 2712 1161 2775 elo·

248 2819 421 2901 quentiam
452 2825 565 2882 autem
596 2839 711 2882 meam
735 2817 860 2903 populo
891 2818 1019 2902 probari
1048 2817 1162 2880 velim.

251 2923 386 2987 Etenim
410 2944 544 2987 necesse
567 2925 700 3006 estqui
721 2925 770 2987 ita
791 2923 889 3002 dicat,
904 2928 944 2987 ut
965 2944 986 2986 a
1007 2921 1161 2986 multitu·

250 3028 327 3094 dine
344 3030 505 3114 probetur,
516 3028 661 3104 eundem
677 3029 783 3092 doctis
799 3029 937 3112 probari.
972 3028 1061 3092 Nam
1078 3028 1162 3111 quid

249 3134 285 3199 in
308 3134 449 3199 dicendo
473 3139 600 3197 rectum
617 3134 662 3197 sit
677 3140 736 3197 aut
751 3154 900 3217 pravum,
916 3155 979 3219 ego
991 3132 1162 3218 judicabo,

250 3241 279 3308 si
298 3240 399 3303 modo
415 3241 444 3304 is
460 3261 545 3319 sum,
560 3239 667 3322 quiid
685 3240 808 3324 possim
827 3246 887 3303 aut
909 3240 1012 3302 sciam
1031 3237 1162 3322 judica·

250 3366 302 3410 re:
325 3345 433 3428 qualis
449 3366 524 3408 vero
543 3345 587 3408 sit
606 3350 724 3423 orator,
741 3366 781 3407 ex
803 3366 853 3424 e0,
869 3343 960 3427 quod
974 3345 1003 3408 is
1018 3343 1162 3408 dicendo

250 3449 380 3531 efficiet,
396 3450 515 3537 poterit
528 3449 677 3536 intelligi.
722 3449 795 3515 185.
818 3450 898 3513 Tria
912 3454 992 3513 sunt
1006 3450 1109 3528 enim,
1122 3455 1162 3514 ut

248 3556 385 3640 quidem
401 3578 463 3643 ego
486 3557 602 3637 senti0,
615 3576 702 3639 quae
721 3558 789 3620 sint
808 3555 983 3620 efficienda
1000 3554 1161 3619 dicendo:
