<?xml version="1.0" encoding="UTF-8"?>
<!DOCTYPE html PUBLIC "-//W3C//DTD XHTML 1.0 Transitional//EN"
    "http://www.w3.org/TR/xhtml1/DTD/xhtml1-transitional.dtd">
<html xmlns="http://www.w3.org/1999/xhtml" xml:lang="en" lang="en">
 <head>
  <title>
</title>
<meta http-equiv="Content-Type" content="text/html;charset=utf-8" />
  <meta name='ocr-system' content='tesseract 3.04.00' />
  <meta name='ocr-capabilities' content='ocr_page ocr_carea ocr_par ocr_line ocrx_word'/>
</head>
<body>
  <div class='ocr_page' id='page_1' title='image "./brutus02cicegoog/brutus02cicegoog_0034.png"; bbox 0 0 2542 4117; ppageno 0'>
   <div class='ocr_carea' id='block_1_1' title="bbox 209 246 839 312">
    <p class='ocr_par' dir='ltr' id='par_1_1' title="bbox 209 246 839 312">
     <span class='ocr_line' id='line_1_1' title="bbox 209 246 839 312; baseline -0.006 0"><span class='ocrx_word' id='word_1_1' title='bbox 209 246 251 312; x_wconf 82' lang='lat'>16</span> <span class='ocrx_word' id='word_1_2' title='bbox 489 266 626 309; x_wconf 78' lang='lat' dir='ltr'>saurus.</span> <span class='ocrx_word' id='word_1_3' title='bbox 671 266 742 309; x_wconf 77' lang='lat' dir='ltr'>cre.</span> <span class='ocrx_word' id='word_1_4' title='bbox 764 266 839 309; x_wconf 86' lang='lat' dir='ltr'>xm.</span> 
     </span>
    </p>
   </div>
   <div class='ocr_carea' id='block_1_2' title="bbox 124 417 1160 2999">
    <p class='ocr_par' dir='ltr' id='par_1_2' title="bbox 136 417 1128 715">
     <span class='ocr_line' id='line_1_2' title="bbox 208 417 1128 506; baseline 0.001 -22"><span class='ocrx_word' id='word_1_5' title='bbox 208 440 282 484; x_wconf 89' lang='lat' dir='ltr'>rum</span> <span class='ocrx_word' id='word_1_6' title='bbox 306 439 412 483; x_wconf 90' lang='lat' dir='ltr'>rerum</span> <span class='ocrx_word' id='word_1_7' title='bbox 438 417 557 483; x_wconf 91' lang='lat' dir='ltr'>laudes</span> <span class='ocrx_word' id='word_1_8' title='bbox 573 418 895 503; x_wconf 72' lang='lat' dir='ltr'>vituperationesque</span> <span class='ocrx_word' id='word_1_9' title='bbox 913 420 1128 506; x_wconf 86' lang='lat' dir='ltr'>conscripsis-</span> 
     </span>
     <span class='ocr_line' id='line_1_3' title="bbox 209 523 1126 609; baseline -0.001 -20"><span class='ocrx_word' id='word_1_10' title='bbox 209 532 277 589; x_wconf 86' lang='lat' dir='ltr'>set:</span> <span class='ocrx_word' id='word_1_11' title='bbox 306 523 397 608; x_wconf 94' lang='lat' dir='ltr'>quod</span> <span class='ocrx_word' id='word_1_12' title='bbox 422 524 586 609; x_wconf 87' lang='lat' dir='ltr'>judicaret</span> <span class='ocrx_word' id='word_1_13' title='bbox 615 524 679 587; x_wconf 91' lang='lat' dir='ltr'>hoc</span> <span class='ocrx_word' id='word_1_14' title='bbox 705 525 843 588; x_wconf 88' lang='lat' dir='ltr'>oratoris</span> <span class='ocrx_word' id='word_1_15' title='bbox 872 547 944 589; x_wconf 89' lang='lat' dir='ltr'>esse</span> <span class='ocrx_word' id='word_1_16' title='bbox 974 528 1126 590; x_wconf 84' lang='lat' dir='ltr'>maxime</span> 
     </span>
     <span class='ocr_line' id='line_1_4' title="bbox 136 627 1127 715; baseline 0.007 -29"><span class='ocrx_word' id='word_1_17' title='bbox 136 675 139 686; x_wconf 71' lang='grc'><strong><em>,</em></strong></span> <span class='ocrx_word' id='word_1_18' title='bbox 210 629 376 715; x_wconf 90' lang='lat' dir='ltr'>proprium</span> <span class='ocrx_word' id='word_1_19' title='bbox 400 650 470 692; x_wconf 88' lang='lat' dir='ltr'>rem</span> <span class='ocrx_word' id='word_1_20' title='bbox 490 649 612 713; x_wconf 82' lang='lat' dir='ltr'>augere</span> <span class='ocrx_word' id='word_1_21' title='bbox 628 648 725 713; x_wconf 90' lang='lat' dir='ltr'>posse</span> <span class='ocrx_word' id='word_1_22' title='bbox 743 627 914 693; x_wconf 85' lang='lat' dir='ltr'>laudando</span> <span class='ocrx_word' id='word_1_23' title='bbox 935 631 1127 715; x_wconf 86' lang='lat' dir='ltr'>vituperan-</span> 
     </span>
    </p>

    <p class='ocr_par' dir='ltr' id='par_1_3' title="bbox 124 731 1160 2999">
     <span class='ocr_line' id='line_1_5' title="bbox 210 731 1128 819; baseline -0.001 -20"><span class='ocrx_word' id='word_1_24' title='bbox 210 733 320 817; x_wconf 86' lang='lat' dir='ltr'>doque</span> <span class='ocrx_word' id='word_1_25' title='bbox 341 754 453 797; x_wconf 88' lang='lat' dir='ltr'>rursus</span> <span class='ocrx_word' id='word_1_26' title='bbox 475 731 639 818; x_wconf 80' lang='lat' dir='ltr'>affligeret</span> <span class='ocrx_word' id='word_1_27' title='bbox 661 733 739 797; x_wconf 91' lang='lat' dir='ltr'>huic</span> <span class='ocrx_word' id='word_1_28' title='bbox 763 734 1005 819; x_wconf 88' lang='lat' dir='ltr'>Antiphontem</span> <span class='ocrx_word' id='word_1_29' title='bbox 1032 735 1128 799; x_wconf 86' lang='lat' dir='ltr'>Rha·</span> 
     </span>
     <span class='ocr_line' id='line_1_6' title="bbox 124 815 1126 924; baseline -0.001 -20"><span class='ocrx_word' id='word_1_30' title='bbox 124 815 131 832; x_wconf 46' lang='grc' dir='ltr'><em>Ι</em></span> <span class='ocrx_word' id='word_1_31' title='bbox 210 839 382 904; x_wconf 90' lang='lat' dir='ltr'>mnusium</span> <span class='ocrx_word' id='word_1_32' title='bbox 405 825 528 901; x_wconf 80' lang='lat' dir='ltr'>similia</span> <span class='ocrx_word' id='word_1_33' title='bbox 550 817 718 921; x_wconf 80' lang='lat' dir='ltr'>quaedam</span> <span class='ocrx_word' id='word_1_34' title='bbox 737 837 893 902; x_wconf 81' lang='lat' dir='ltr'>habuisse</span> <span class='ocrx_word' id='word_1_35' title='bbox 917 841 1126 924; x_wconf 83' lang='lat' dir='ltr'>conscripta3</span> 
     </span>
     <span class='ocr_line' id='line_1_7' title="bbox 209 942 1125 1028; baseline -0.002 -20"><span class='ocrx_word' id='word_1_36' title='bbox 209 966 277 1028; x_wconf 93' lang='lat' dir='ltr'>quo</span> <span class='ocrx_word' id='word_1_37' title='bbox 311 944 479 1007; x_wconf 89' lang='lat' dir='ltr'>neminem</span> <span class='ocrx_word' id='word_1_38' title='bbox 512 963 663 1026; x_wconf 90' lang='lat' dir='ltr'>unquam</span> <span class='ocrx_word' id='word_1_39' title='bbox 692 942 812 1007; x_wconf 89' lang='lat' dir='ltr'>melius</span> <span class='ocrx_word' id='word_1_40' title='bbox 841 944 945 1007; x_wconf 88' lang='lat' dir='ltr'>ullam</span> <span class='ocrx_word' id='word_1_41' title='bbox 975 945 1125 1008; x_wconf 86' lang='lat' dir='ltr'>oravisse</span> 
     </span>
     <span class='ocr_line' id='line_1_8' title="bbox 210 1046 1125 1134; baseline 0 -22"><span class='ocrx_word' id='word_1_42' title='bbox 210 1048 329 1134; x_wconf 84' lang='lat' dir='ltr'>capitis</span> <span class='ocrx_word' id='word_1_43' title='bbox 349 1068 496 1127; x_wconf 90' lang='lat' dir='ltr'>causam,</span> <span class='ocrx_word' id='word_1_44' title='bbox 511 1068 590 1110; x_wconf 90' lang='lat' dir='ltr'>curu</span> <span class='ocrx_word' id='word_1_45' title='bbox 606 1067 642 1110; x_wconf 90' lang='lat' dir='ltr'>se</span> <span class='ocrx_word' id='word_1_46' title='bbox 662 1047 734 1131; x_wconf 93' lang='lat' dir='ltr'>ipse</span> <span class='ocrx_word' id='word_1_47' title='bbox 756 1046 946 1112; x_wconf 88' lang='lat' dir='ltr'>defenderet</span> <span class='ocrx_word' id='word_1_48' title='bbox 967 1070 1002 1112; x_wconf 91' lang='lat' dir='ltr'>se</span> <span class='ocrx_word' id='word_1_49' title='bbox 1026 1049 1125 1112; x_wconf 89' lang='lat' dir='ltr'>audi·</span> 
     </span>
     <span class='ocr_line' id='line_1_9' title="bbox 210 1151 1124 1236; baseline 0 -20"><span class='ocrx_word' id='word_1_50' title='bbox 210 1160 295 1231; x_wconf 88' lang='lat' dir='ltr'>ente,</span> <span class='ocrx_word' id='word_1_51' title='bbox 321 1151 469 1236; x_wconf 83' lang='lat' dir='ltr'>locuples</span> <span class='ocrx_word' id='word_1_52' title='bbox 500 1157 616 1215; x_wconf 85' lang='lat' dir='ltr'>auctor</span> <span class='ocrx_word' id='word_1_53' title='bbox 646 1151 776 1236; x_wconf 81' lang='lat' dir='ltr'>scripsit</span> <span class='ocrx_word' id='word_1_54' title='bbox 807 1151 1036 1236; x_wconf 86' lang='lat' dir='ltr'>Thucydides:</span> <span class='ocrx_word' id='word_1_55' title='bbox 1065 1152 1124 1217; x_wconf 88' lang='grc'>48.</span> 
     </span>
     <span class='ocr_line' id='line_1_10' title="bbox 212 1254 1124 1342; baseline 0.001 -21"><span class='ocrx_word' id='word_1_56' title='bbox 212 1277 291 1321; x_wconf 85' lang='lat' dir='ltr'>narn</span> <span class='ocrx_word' id='word_1_57' title='bbox 309 1256 450 1342; x_wconf 85' lang='lat' dir='ltr'>Lysiam</span> <span class='ocrx_word' id='word_1_58' title='bbox 472 1256 578 1340; x_wconf 88' lang='lat' dir='ltr'>primo</span> <span class='ocrx_word' id='word_1_59' title='bbox 601 1254 745 1341; x_wconf 85' lang='lat' dir='ltr'>profiteri</span> <span class='ocrx_word' id='word_1_60' title='bbox 767 1256 903 1320; x_wconf 90' lang='lat' dir='ltr'>solitum</span> <span class='ocrx_word' id='word_1_61' title='bbox 924 1264 1028 1322; x_wconf 87' lang='lat' dir='ltr'>artem</span> <span class='ocrx_word' id='word_1_62' title='bbox 1047 1279 1124 1322; x_wconf 89' lang='lat' dir='ltr'>esse</span> 
     </span>
     <span class='ocr_line' id='line_1_11' title="bbox 212 1359 1124 1443; baseline 0.002 -19"><span class='ocrx_word' id='word_1_63' title='bbox 212 1360 362 1425; x_wconf 86' lang='lat' dir='ltr'>dicendi:</span> <span class='ocrx_word' id='word_1_64' title='bbox 384 1359 512 1440; x_wconf 87' lang='lat' dir='ltr'>deinde,</span> <span class='ocrx_word' id='word_1_65' title='bbox 536 1360 627 1443; x_wconf 93' lang='lat' dir='ltr'>quod</span> <span class='ocrx_word' id='word_1_66' title='bbox 657 1359 850 1425; x_wconf 88' lang='lat' dir='ltr'>Theodorus</span> <span class='ocrx_word' id='word_1_67' title='bbox 875 1368 963 1425; x_wconf 90' lang='lat' dir='ltr'>esset</span> <span class='ocrx_word' id='word_1_68' title='bbox 985 1363 1019 1426; x_wconf 91' lang='lat' dir='ltr'>in</span> <span class='ocrx_word' id='word_1_69' title='bbox 1052 1370 1124 1426; x_wconf 90' lang='lat' dir='ltr'>arte</span> 
     </span>
     <span class='ocr_line' id='line_1_12' title="bbox 213 1465 1124 1549; baseline 0.001 -20"><span class='ocrx_word' id='word_1_70' title='bbox 213 1466 362 1530; x_wconf 87' lang='lat' dir='ltr'>subtilior</span> <span class='ocrx_word' id='word_1_71' title='bbox 383 1466 417 1529; x_wconf 93' lang='lat' dir='ltr'>in</span> <span class='ocrx_word' id='word_1_72' title='bbox 436 1465 641 1528; x_wconf 88' lang='lat' dir='ltr'>orationibus</span> <span class='ocrx_word' id='word_1_73' title='bbox 657 1470 771 1528; x_wconf 84' lang='lat' dir='ltr'>autem</span> <span class='ocrx_word' id='word_1_74' title='bbox 788 1465 939 1549; x_wconf 85' lang='lat' dir='ltr'>jejunior,</span> <span class='ocrx_word' id='word_1_75' title='bbox 954 1468 1124 1531; x_wconf 87' lang='lat' dir='ltr'>orationes</span> 
     </span>
     <span class='ocr_line' id='line_1_13' title="bbox 211 1569 1126 1653; baseline 0 -19"><span class='ocrx_word' id='word_1_76' title='bbox 211 1591 290 1634; x_wconf 93' lang='lat' dir='ltr'>eum</span> <span class='ocrx_word' id='word_1_77' title='bbox 303 1570 439 1634; x_wconf 88' lang='lat' dir='ltr'>scribere</span> <span class='ocrx_word' id='word_1_78' title='bbox 450 1569 523 1632; x_wconf 91' lang='lat' dir='ltr'>aliis</span> <span class='ocrx_word' id='word_1_79' title='bbox 534 1570 692 1653; x_wconf 86' lang='lat' dir='ltr'>coepisse,</span> <span class='ocrx_word' id='word_1_80' title='bbox 704 1575 809 1633; x_wconf 86' lang='lat' dir='ltr'>artem</span> <span class='ocrx_word' id='word_1_81' title='bbox 820 1571 1015 1634; x_wconf 86' lang='lat' dir='ltr'>removisse:</span> <span class='ocrx_word' id='word_1_82' title='bbox 1031 1572 1126 1635; x_wconf 90' lang='lat' dir='ltr'>simi·</span> 
     </span>
     <span class='ocr_line' id='line_1_14' title="bbox 211 1674 1124 1762; baseline 0.001 -23"><span class='ocrx_word' id='word_1_83' title='bbox 211 1674 284 1739; x_wconf 91' lang='lat' dir='ltr'>liter</span> <span class='ocrx_word' id='word_1_84' title='bbox 311 1676 489 1739; x_wconf 88' lang='lat' dir='ltr'>Isocratem</span> <span class='ocrx_word' id='word_1_85' title='bbox 516 1674 621 1759; x_wconf 92' lang='lat' dir='ltr'>primo</span> <span class='ocrx_word' id='word_1_86' title='bbox 645 1681 750 1737; x_wconf 88' lang='lat' dir='ltr'>artem</span> <span class='ocrx_word' id='word_1_87' title='bbox 774 1675 906 1739; x_wconf 90' lang='lat' dir='ltr'>dicendi</span> <span class='ocrx_word' id='word_1_88' title='bbox 929 1698 1001 1740; x_wconf 91' lang='lat' dir='ltr'>esse</span> <span class='ocrx_word' id='word_1_89' title='bbox 1021 1698 1124 1762; x_wconf 85' lang='lat' dir='ltr'>nega·</span> 
     </span>
     <span class='ocr_line' id='line_1_15' title="bbox 211 1778 1123 1865; baseline 0.001 -21"><span class='ocrx_word' id='word_1_90' title='bbox 211 1781 306 1860; x_wconf 86' lang='lat' dir='ltr'>visse,</span> <span class='ocrx_word' id='word_1_91' title='bbox 322 1780 459 1844; x_wconf 88' lang='lat' dir='ltr'>scribere</span> <span class='ocrx_word' id='word_1_92' title='bbox 482 1784 595 1842; x_wconf 90' lang='lat' dir='ltr'>autem</span> <span class='ocrx_word' id='word_1_93' title='bbox 619 1778 692 1842; x_wconf 92' lang='lat' dir='ltr'>aliis</span> <span class='ocrx_word' id='word_1_94' title='bbox 707 1778 843 1843; x_wconf 88' lang='lat' dir='ltr'>solitum</span> <span class='ocrx_word' id='word_1_95' title='bbox 859 1782 1033 1861; x_wconf 87' lang='lat' dir='ltr'>orationes,</span> <span class='ocrx_word' id='word_1_96' title='bbox 1048 1784 1123 1865; x_wconf 92' lang='lat' dir='ltr'>qui·</span> 
     </span>
     <span class='ocr_line' id='line_1_16' title="bbox 211 1884 1124 1970; baseline 0 -20"><span class='ocrx_word' id='word_1_97' title='bbox 211 1889 274 1950; x_wconf 87' lang='lat' dir='ltr'>bus</span> <span class='ocrx_word' id='word_1_98' title='bbox 304 1886 339 1949; x_wconf 91' lang='lat' dir='ltr'>in</span> <span class='ocrx_word' id='word_1_99' title='bbox 365 1884 499 1970; x_wconf 86' lang='lat' dir='ltr'>judiciis</span> <span class='ocrx_word' id='word_1_100' title='bbox 523 1889 708 1947; x_wconf 86' lang='lat' dir='ltr'>uterentur:</span> <span class='ocrx_word' id='word_1_101' title='bbox 731 1884 790 1947; x_wconf 91' lang='lat' dir='ltr'>sed</span> <span class='ocrx_word' id='word_1_102' title='bbox 812 1906 890 1949; x_wconf 89' lang='lat' dir='ltr'>oum</span> <span class='ocrx_word' id='word_1_103' title='bbox 913 1908 953 1949; x_wconf 88' lang='lat' dir='ltr'>ex</span> <span class='ocrx_word' id='word_1_104' title='bbox 975 1908 1025 1966; x_wconf 87' lang='lat' dir='ltr'>ec,</span> <span class='ocrx_word' id='word_1_105' title='bbox 1040 1888 1124 1969; x_wconf 90' lang='lat' dir='ltr'>quia</span> 
     </span>
     <span class='ocr_line' id='line_1_17' title="bbox 211 1987 1122 2086; baseline 0 -33"><span class='ocrx_word' id='word_1_106' title='bbox 211 1991 307 2074; x_wconf 88' lang='lat' dir='ltr'>quasi</span> <span class='ocrx_word' id='word_1_107' title='bbox 323 1989 544 2053; x_wconf 88' lang='lat' dir='ltr'>committeret</span> <span class='ocrx_word' id='word_1_108' title='bbox 559 1993 673 2050; x_wconf 91' lang='lat' dir='ltr'>contra</span> <span class='ocrx_word' id='word_1_109' title='bbox 688 1987 805 2073; x_wconf 84' lang='lat' dir='ltr'>legem,</span> <span class='ocrx_word' id='word_1_110' title='bbox 824 1992 1122 2086; x_wconf 52' lang='lat' dir='ltr'>QQQIQQ</span> 
     </span>
     <span class='ocr_line' id='line_1_18' title="bbox 212 2092 1123 2177; baseline 0.001 -18"><span class='ocrx_word' id='word_1_111' title='bbox 212 2095 499 2171; x_wconf 76' lang='lat' dir='ltr'>circumveniretur,</span> <span class='ocrx_word' id='word_1_112' title='bbox 511 2113 609 2175; x_wconf 87' lang='lat' dir='ltr'>saepe</span> <span class='ocrx_word' id='word_1_113' title='bbox 624 2092 695 2176; x_wconf 89' lang='lat' dir='ltr'>ipse</span> <span class='ocrx_word' id='word_1_114' title='bbox 710 2093 745 2156; x_wconf 92' lang='lat' dir='ltr'>in</span> <span class='ocrx_word' id='word_1_115' title='bbox 758 2093 922 2177; x_wconf 83' lang='lat' dir='ltr'>judicium</span> <span class='ocrx_word' id='word_1_116' title='bbox 938 2103 1123 2174; x_wconf 88' lang='lat' dir='ltr'>vocaretur,</span> 
     </span>
     <span class='ocr_line' id='line_1_19' title="bbox 212 2195 1123 2283; baseline 0.004 -22"><span class='ocrx_word' id='word_1_117' title='bbox 212 2199 376 2262; x_wconf 89' lang='lat' dir='ltr'>orationes</span> <span class='ocrx_word' id='word_1_118' title='bbox 399 2196 472 2259; x_wconf 91' lang='lat' dir='ltr'>aliis</span> <span class='ocrx_word' id='word_1_119' title='bbox 495 2195 660 2259; x_wconf 87' lang='lat' dir='ltr'>destitisse</span> <span class='ocrx_word' id='word_1_120' title='bbox 683 2198 819 2261; x_wconf 89' lang='lat' dir='ltr'>scribere</span> <span class='ocrx_word' id='word_1_121' title='bbox 834 2204 1010 2283; x_wconf 86' lang='lat' dir='ltr'>totumque</span> <span class='ocrx_word' id='word_1_122' title='bbox 1026 2222 1061 2264; x_wconf 91' lang='lat' dir='ltr'>se</span> <span class='ocrx_word' id='word_1_123' title='bbox 1077 2201 1123 2265; x_wconf 89' lang='lat' dir='ltr'>ad</span> 
     </span>
     <span class='ocr_line' id='line_1_20' title="bbox 212 2300 1123 2386; baseline 0.003 -19"><span class='ocrx_word' id='word_1_124' title='bbox 212 2309 299 2367; x_wconf 88' lang='lat' dir='ltr'>artes</span> <span class='ocrx_word' id='word_1_125' title='bbox 328 2300 576 2386; x_wconf 90' lang='lat' dir='ltr'>componendas</span> <span class='ocrx_word' id='word_1_126' title='bbox 605 2301 821 2365; x_wconf 87' lang='lat' dir='ltr'>transtulisse.</span> <span class='ocrx_word' id='word_1_127' title='bbox 867 2303 962 2367; x_wconf 86' lang='lat' dir='ltr'>XIII.</span> <span class='ocrx_word' id='word_1_128' title='bbox 997 2305 1050 2368; x_wconf 88' lang='grc'>49.</span> <span class='ocrx_word' id='word_1_129' title='bbox 1075 2306 1123 2370; x_wconf 81' lang='lat' dir='ltr'>Er</span> 
     </span>
     <span class='ocr_line' id='line_1_21' title="bbox 215 2405 1122 2492; baseline 0.004 -22"><span class='ocrx_word' id='word_1_130' title='bbox 215 2406 375 2471; x_wconf 83' lang='lat' dir='ltr'>Graeciae</span> <span class='ocrx_word' id='word_1_131' title='bbox 399 2405 535 2489; x_wconf 89' lang='lat' dir='ltr'>quidem</span> <span class='ocrx_word' id='word_1_132' title='bbox 560 2412 727 2469; x_wconf 90' lang='lat' dir='ltr'>oratorum</span> <span class='ocrx_word' id='word_1_133' title='bbox 751 2412 864 2491; x_wconf 88' lang='lat' dir='ltr'>partus</span> <span class='ocrx_word' id='word_1_134' title='bbox 886 2414 988 2492; x_wconf 90' lang='lat' dir='ltr'>atque</span> <span class='ocrx_word' id='word_1_135' title='bbox 1013 2409 1122 2474; x_wconf 86' lang='lat' dir='ltr'>lontes</span> 
     </span>
     <span class='ocr_line' id='line_1_22' title="bbox 212 2510 1121 2596; baseline 0.003 -21"><span class='ocrx_word' id='word_1_136' title='bbox 212 2512 314 2592; x_wconf 89' lang='lat' dir='ltr'>vides,</span> <span class='ocrx_word' id='word_1_137' title='bbox 338 2512 382 2575; x_wconf 92' lang='lat' dir='ltr'>ad</span> <span class='ocrx_word' id='word_1_138' title='bbox 403 2517 589 2575; x_wconf 88' lang='lat' dir='ltr'>nostrorum</span> <span class='ocrx_word' id='word_1_139' title='bbox 610 2510 783 2575; x_wconf 90' lang='lat' dir='ltr'>annalium</span> <span class='ocrx_word' id='word_1_140' title='bbox 807 2513 970 2577; x_wconf 89' lang='lat' dir='ltr'>rationem</span> <span class='ocrx_word' id='word_1_141' title='bbox 986 2522 1121 2596; x_wconf 85' lang='lat' dir='ltr'>veteres,</span> 
     </span>
     <span class='ocr_line' id='line_1_23' title="bbox 213 2617 1122 2703; baseline 0.002 -21"><span class='ocrx_word' id='word_1_142' title='bbox 213 2618 256 2683; x_wconf 93' lang='lat' dir='ltr'>ad</span> <span class='ocrx_word' id='word_1_143' title='bbox 280 2619 427 2703; x_wconf 88' lang='lat' dir='ltr'>ipsorum</span> <span class='ocrx_word' id='word_1_144' title='bbox 446 2638 526 2680; x_wconf 88' lang='lat' dir='ltr'>sanc</span> <span class='ocrx_word' id='word_1_145' title='bbox 548 2622 703 2680; x_wconf 86' lang='lat' dir='ltr'>recentes.</span> <span class='ocrx_word' id='word_1_146' title='bbox 750 2617 838 2681; x_wconf 91' lang='lat' dir='ltr'>Nam</span> <span class='ocrx_word' id='word_1_147' title='bbox 862 2624 1044 2702; x_wconf 89' lang='lat' dir='ltr'>antequam</span> <span class='ocrx_word' id='word_1_148' title='bbox 1066 2621 1122 2684; x_wconf 89' lang='lat' dir='ltr'>de·</span> 
     </span>
     <span class='ocr_line' id='line_1_24' title="bbox 212 2721 1122 2789; baseline 0 -1"><span class='ocrx_word' id='word_1_149' title='bbox 212 2724 335 2789; x_wconf 86' lang='lat' dir='ltr'>lectata</span> <span class='ocrx_word' id='word_1_150' title='bbox 358 2728 408 2785; x_wconf 92' lang='lat' dir='ltr'>est</span> <span class='ocrx_word' id='word_1_151' title='bbox 436 2721 692 2785; x_wconf 86' lang='lat' dir='ltr'>Atheniensium</span> <span class='ocrx_word' id='word_1_152' title='bbox 714 2722 831 2786; x_wconf 85' lang='lat' dir='ltr'>civitas</span> <span class='ocrx_word' id='word_1_153' title='bbox 857 2723 920 2787; x_wconf 94' lang='lat' dir='ltr'>hac</span> <span class='ocrx_word' id='word_1_154' title='bbox 945 2723 1044 2788; x_wconf 88' lang='lat' dir='ltr'>laude</span> <span class='ocrx_word' id='word_1_155' title='bbox 1074 2726 1122 2789; x_wconf 93' lang='lat' dir='ltr'>di·</span> 
     </span>
     <span class='ocr_line' id='line_1_25' title="bbox 213 2826 1160 2909; baseline 0.002 -17"><span class='ocrx_word' id='word_1_156' title='bbox 213 2827 319 2908; x_wconf 87' lang='lat' dir='ltr'>cendi,</span> <span class='ocrx_word' id='word_1_157' title='bbox 345 2826 452 2890; x_wconf 91' lang='lat' dir='ltr'>multa</span> <span class='ocrx_word' id='word_1_158' title='bbox 469 2826 542 2909; x_wconf 90' lang='lat' dir='ltr'>jam</span> <span class='ocrx_word' id='word_1_159' title='bbox 564 2826 792 2889; x_wconf 89' lang='lat' dir='ltr'>memorabilia</span> <span class='ocrx_word' id='word_1_160' title='bbox 817 2828 907 2891; x_wconf 87' lang='lat' dir='ltr'>etin</span> <span class='ocrx_word' id='word_1_161' title='bbox 930 2828 1121 2895; x_wconf 90' lang='lat' dir='ltr'>domesticis</span> <span class='ocrx_word' id='word_1_162' title='bbox 1153 2849 1160 2868; x_wconf 89' lang='lat'><strong>·</strong></span> 
     </span>
     <span class='ocr_line' id='line_1_26' title="bbox 213 2928 1122 2999; baseline 0 0"><span class='ocrx_word' id='word_1_163' title='bbox 213 2940 248 2999; x_wconf 83' lang='lat' dir='ltr'>et</span> <span class='ocrx_word' id='word_1_164' title='bbox 268 2935 304 2998; x_wconf 92' lang='lat' dir='ltr'>in</span> <span class='ocrx_word' id='word_1_165' title='bbox 331 2931 455 2997; x_wconf 87' lang='lat' dir='ltr'>bellicis</span> <span class='ocrx_word' id='word_1_166' title='bbox 480 2932 578 2993; x_wconf 89' lang='lat' dir='ltr'>rebus</span> <span class='ocrx_word' id='word_1_167' title='bbox 606 2928 767 2995; x_wconf 87' lang='lat' dir='ltr'>effecerat</span> <span class='ocrx_word' id='word_1_168' title='bbox 813 2931 887 2996; x_wconf 90' lang='lat' dir='ltr'>Hoc</span> <span class='ocrx_word' id='word_1_169' title='bbox 916 2939 1030 2997; x_wconf 90' lang='lat' dir='ltr'>autem</span> <span class='ocrx_word' id='word_1_170' title='bbox 1054 2940 1122 2999; x_wconf 91' lang='lat' dir='ltr'>stu·</span> 
     </span>
    </p>
   </div>
   <div class='ocr_carea' id='block_1_3' title="bbox 213 3029 1251 3227">
    <p class='ocr_par' dir='ltr' id='par_1_4' title="bbox 213 3029 1251 3227">
     <span class='ocr_line' id='line_1_27' title="bbox 213 3029 1251 3124; baseline -0.003 -20"><span class='ocrx_word' id='word_1_171' title='bbox 213 3040 307 3104; x_wconf 91' lang='lat' dir='ltr'>dium</span> <span class='ocrx_word' id='word_1_172' title='bbox 324 3059 391 3103; x_wconf 89' lang='lat' dir='ltr'>non</span> <span class='ocrx_word' id='word_1_173' title='bbox 407 3043 477 3101; x_wconf 89' lang='lat' dir='ltr'>erat</span> <span class='ocrx_word' id='word_1_174' title='bbox 494 3056 672 3100; x_wconf 89' lang='lat' dir='ltr'>commune</span> <span class='ocrx_word' id='word_1_175' title='bbox 696 3035 858 3099; x_wconf 86' lang='lat' dir='ltr'>Graeciae</span> <span class='ocrx_word' id='word_1_176' title='bbox 877 3037 935 3100; x_wconf 91' lang='lat' dir='ltr'>sed</span> <span class='ocrx_word' id='word_1_177' title='bbox 954 3040 1121 3124; x_wconf 88' lang='lat' dir='ltr'>proprium</span> <span class='ocrx_word' id='word_1_178' title='bbox 1192 3049 1195 3050; x_wconf 72' lang='grc'>’</span> <span class='ocrx_word' id='word_1_179' title='bbox 1250 3029 1251 3032; x_wconf 38' lang='grc'><strong>“</strong></span> 
     </span>
     <span class='ocr_line' id='line_1_28' title="bbox 216 3140 1221 3227; baseline -0.003 -18"><span class='ocrx_word' id='word_1_180' title='bbox 216 3144 432 3209; x_wconf 89' lang='lat' dir='ltr'>Athenarum.</span> <span class='ocrx_word' id='word_1_181' title='bbox 469 3141 521 3204; x_wconf 84' lang='lat'>50.</span> <span class='ocrx_word' id='word_1_182' title='bbox 547 3140 634 3218; x_wconf 78' lang='lat' dir='ltr'>Quis</span> <span class='ocrx_word' id='word_1_183' title='bbox 651 3141 739 3203; x_wconf 89' lang='lat' dir='ltr'>enim</span> <span class='ocrx_word' id='word_1_184' title='bbox 755 3146 814 3204; x_wconf 90' lang='lat' dir='ltr'>aut</span> <span class='ocrx_word' id='word_1_185' title='bbox 837 3143 997 3227; x_wconf 84' lang='lat' dir='ltr'>Argivum</span> <span class='ocrx_word' id='word_1_186' title='bbox 1017 3150 1123 3208; x_wconf 86' lang='lat' dir='ltr'>orato·</span> <span class='ocrx_word' id='word_1_187' title='bbox 1216 3180 1221 3186; x_wconf 95' lang='lat'>·</span> 
     </span>
    </p>
   </div>
   <div class='ocr_carea' id='block_1_4' title="bbox 213 3245 1122 3539">
    <p class='ocr_par' dir='ltr' id='par_1_5' title="bbox 213 3245 1122 3539">
     <span class='ocr_line' id='line_1_29' title="bbox 213 3245 1122 3313; baseline 0 -1"><span class='ocrx_word' id='word_1_188' title='bbox 213 3269 283 3313; x_wconf 87' lang='lat' dir='ltr'>rem</span> <span class='ocrx_word' id='word_1_189' title='bbox 306 3252 366 3311; x_wconf 91' lang='lat' dir='ltr'>aut</span> <span class='ocrx_word' id='word_1_190' title='bbox 390 3245 598 3309; x_wconf 83' lang='lat' dir='ltr'>Corinthium</span> <span class='ocrx_word' id='word_1_191' title='bbox 625 3251 686 3308; x_wconf 87' lang='lat' dir='ltr'>aut</span> <span class='ocrx_word' id='word_1_192' title='bbox 714 3245 913 3309; x_wconf 86' lang='lat' dir='ltr'>Thebanum</span> <span class='ocrx_word' id='word_1_193' title='bbox 934 3249 996 3311; x_wconf 91' lang='lat' dir='ltr'>soit</span> <span class='ocrx_word' id='word_1_194' title='bbox 1019 3247 1122 3313; x_wconf 88' lang='lat' dir='ltr'>luisse</span> 
     </span>
     <span class='ocr_line' id='line_1_30' title="bbox 214 3348 1122 3437; baseline 0 -19"><span class='ocrx_word' id='word_1_195' title='bbox 214 3352 417 3437; x_wconf 88' lang='lat' dir='ltr'>temporibus</span> <span class='ocrx_word' id='word_1_196' title='bbox 432 3348 516 3412; x_wconf 76' lang='lat' dir='ltr'>illis?</span> <span class='ocrx_word' id='word_1_197' title='bbox 536 3350 597 3412; x_wconf 90' lang='lat' dir='ltr'>nisi</span> <span class='ocrx_word' id='word_1_198' title='bbox 613 3349 694 3432; x_wconf 93' lang='lat' dir='ltr'>quid</span> <span class='ocrx_word' id='word_1_199' title='bbox 710 3349 751 3412; x_wconf 91' lang='lat' dir='ltr'>de</span> <span class='ocrx_word' id='word_1_200' title='bbox 764 3350 1011 3434; x_wconf 86' lang='lat' dir='ltr'>Epaminonda,</span> <span class='ocrx_word' id='word_1_201' title='bbox 1022 3353 1122 3418; x_wconf 87' lang='lat' dir='ltr'>docto</span> 
     </span>
     <span class='ocr_line' id='line_1_31' title="bbox 215 3453 1122 3539; baseline 0 -17"><span class='ocrx_word' id='word_1_202' title='bbox 215 3456 359 3536; x_wconf 86' lang='lat' dir='ltr'>homine,</span> <span class='ocrx_word' id='word_1_203' title='bbox 389 3454 548 3539; x_wconf 88' lang='lat' dir='ltr'>suspicari</span> <span class='ocrx_word' id='word_1_204' title='bbox 573 3453 662 3517; x_wconf 84' lang='lat' dir='ltr'>libet</span> <span class='ocrx_word' id='word_1_205' title='bbox 708 3453 1015 3521; x_wconf 89' lang='lat' dir='ltr'>Lacedaemonium</span> <span class='ocrx_word' id='word_1_206' title='bbox 1044 3479 1122 3522; x_wconf 92' lang='lat' dir='ltr'>vero</span> 
     </span>
    </p>
   </div>
   <div class='ocr_carea' id='block_1_5' title="bbox 0 0 1278 4116">
    <p class='ocr_par' dir='ltr' id='par_1_6' title="bbox 0 0 1278 4116">
     <span class='ocr_line' id='line_1_32' title="bbox 0 0 1278 4116; baseline 0 0"><span class='ocrx_word' id='word_1_207' title='bbox 0 0 1278 4116; x_wconf 95' lang='lat' dir='ltr'> </span> 
     </span>
    </p>
   </div>
  </div>
 </body>
</html>
