2542 4117
206 321 250 388 ⁷0
480 342 615 388 saurus.
661 343 732 385 cre.
755 342 820 386 nu.¹

205 494 390 561 faciendus·
406 500 465 560 eat
500 495 588 560 'LIL
628 495 701 559 193.
727 494 802 559 Hoc
820 501 942 573 ,tamen
971 494 1127 574 interest,

205 600 295 684 quod
319 600 439 685 vulgus
463 600 627 664 interdum
645 599 938 685 conprobandum
954 607 1128 664 oratorem

206 708 333 791 probat,
360 704 417 769 sed
449 707 566 790 probat
595 706 667 768 sine
691 704 958 789 comparatione:
988 726 1067 768 cum
1103 725 1129 768 a

206 811 364 876 mediocri
378 816 439 874 aut
453 812 555 874 etiam
571 832 592 874 a
609 809 698 874 malo
713 810 904 889 delectatur,
919 831 960 873 eo
975 816 1027 873 est
1042 831 1129 873 con·

206 922 329 995 tentus,
355 937 427 979 esse
450 916 569 979 melius
593 937 660 979 nou
683 915 802 979 sentit:
829 914 920 994 illud,
945 914 1037 997 quod
1058 919 1127 992 est,

206 1021 437 1105 qualecunque
460 1027 519 1100 est,
535 1023 662 1105 probat.
709 1019 817 1083 Tenet
841 1020 932 1083 enim
955 1040 1051 1083 aures
1067 1018 1130 1082 vel

207 1126 382 1191 mediocris
406 1131 523 1204 orator,
549 1111 600 1189 sit*
623 1124 725 1188 modo
755 1123 883 1206 aliquid
906 1124 942 1188 in
968 1145 1027 1187 eo:
1057 1144 1130 1187 neo

206 1252 258 1295 res
274 1230 343 1294 ulla
358 1230 432 1314 plus
459 1229 550 1315 apud
573 1231 705 1294 animos
727 1230 902 1293 hominum
919 1251 1023 1312 quam
1039 1230 1127 1293 ordo

207 1342 243 1400 et
264 1341 401 1399 ornatus
424 1335 583 1400 orationis
602 1334 699 1398 valet
744 1333 818 1398 194.
843 1333 959 1412 Quare
981 1335 1058 1417 quis
1081 1355 1128 1397 ex

207 1439 343 1525 populo,
358 1460 435 1503 cum
456 1438 498 1517 Q.
518 1439 716 1503 Scaevolam
740 1460 798 1524 pro
824 1438 870 1502 M.
896 1438 1050 1524 Coponio
1072 1440 1128 1502 di-

208 1550 340 1608 centem
368 1544 496 1608 audiret
521 1544 556 1608 in
584 1565 625 1608 ea
650 1565 762 1623 causa,
777 1543 818 1607 de
845 1564 912 1626 qua
938 1550 1018 1607 ante
1042 1544 1128 1624 dixi,

208 1648 394 1733 quidquam
424 1648 560 1733 politius
590 1654 651 1712 aut
680 1648 866 1733 elegantius
892 1653 953 1711 aut
981 1649 1127 1711 omnino

208 1753 330 1822 melius
356 1759 416 1819 aut
441 1759 655 1839 exspectaret,
671 1760 731 1817 aut
755 1774 852 1837 posse
872 1751 942 1816 fieri
965 1752 1127 1837 putaret?

210 1859 284 1924 195.
309 1859 396 1924 Cum
412 1860 442 1924 is
458 1860 521 1922 hoc
536 1862 672 1944 probare
687 1857 785 1921 vellet
802 1857 858 1921 Μ’.
877 1858 1027 1937 Curium,
1042 1879 1126 1922 cum

209 1966 259 2031 ita
283 1966 376 2029 heres
397 1965 570 2027 institutus
593 1968 690 2042 esset,
715 1963 744 2025 si
765 1961 911 2047 pupillus
934 1970 1012 2025 ante
1038 1983 1127 2025 mor·

209 2077 290 2135 tuus
314 2075 410 2147 esset,
425 2089 528 2151 quam
551 2069 587 2131 in
611 2089 709 2131 suam
729 2068 870 2131 tutelam
895 2068 1049 2147 venisset,
1065 2090 1127 2153 pu·

210 2174 290 2260 pilio
306 2195 373 2237 non
390 2179 469 2236 nato
485 2173 639 2236 heredem
656 2194 728 2236 csse
745 2194 811 2236 non
828 2194 944 2257 posse:
967 2173 1049 2256 quid
1069 2174 1127 2237 ille

211 2301 279 2345 non
309 2278 393 2342 dixit
423 2279 465 2341 de
494 2284 775 2342 testamentorum
802 2279 875 2363 jure
904 2278 946 2341 de
976 2279 1128 2362 antiquis

210 2382 385 2449 formulis?
400 2382 490 2465 quid,
502 2383 789 2465 quemadmodum
803 2383 899 2446 scribi
914 2384 1128 2467 oportuisset,

210 2489 241 2556 ai
264 2490 367 2552 etiam
390 2487 460 2554 filio
475 2509 543 2551 non
559 2494 638 2551 nato
662 2489 755 2551 heres
777 2487 1027 2551 institueretur?
1050 2487 1128 2551 196.

211 2616 314 2679 quam
346 2595 533 2679 captiosum
566 2614 638 2656 esse
670 2591 804 2678 populO,
837 2592 929 2674 quod
963 2593 1127 2677 scriptum

211 2707 309 2778 essct,
324 2698 448 2785 negligi
464 2706 498 2762 et
513 2699 670 2783 opinione
686 2699 800 2781 quaeri
814 2698 1005 2762 voluntates
1022 2704 1056 2760 ct
1076 2698 1129 2761 in·

140 2831 144 2840 ¹
210 2806 445 2890 terpretatione
468 2803 666 2866 disertorum
690 2802 812 2886 scripta
838 2802 1041 2886 simplicium
1069 2803 1128 2865 ho·

212 2911 344 2976 minum
367 2907 570 2994 pervertere?
615 2906 689 2971 197.
720 2907 835 2985 Quam
862 2907 916 2970 iile
944 2907 1052 2971 multa
1083 2907 1128 2971 de

214 3017 413 3082 auctoritate
437 3014 538 3098 patris
564 3013 626 3092 sui,
642 3012 700 3095 qui
722 3033 852 3096 semper
870 3013 926 3097 jus
949 3011 1030 3075 illud
1052 3033 1128 3076 esse

213 3119 429 3186 defenderat?
448 3140 551 3203 quam
567 3119 704 3181 omnino
718 3115 828 3180 multa
842 3116 884 3179 de
899 3117 1128 3180 conservando

209 3231 283 3315 jure
309 3227 421 3292 civili?
444 3248 531 3310 quac
556 3225 691 3309 quidem
719 3223 834 3287 omnia
857 3245 935 3288 cum
962 3224 1065 3309 perite
1092 3230 1129 3289 et

212 3336 353 3398 scienter
373 3338 447 3395 turn
463 3331 511 3393 ita
527 3330 664 3393 breviter
685 3334 720 3392 et
741 3349 849 3413 presse
865 3333 899 3391 et
914 3329 995 3391 satis
1011 3335 1128 3391 ornate

214 3445 249 3503 ct
271 3437 493 3522 pereleganter
507 3434 647 3514 diceret3
669 3434 744 3516 quis
760 3440 847 3496 esset
862 3433 897 3495 in
919 3432 1053 3518 populo,
1068 3433 1129 3515 qui

215 3549 276 3608 aut
298 3545 509 3627 exspectaret,
525 3546 584 3604 aut
599 3537 670 3602 fieri
685 3558 782 3622 posse
804 3538 989 3621 quidquam
1005 3536 1129 3603 melius
