2542 4117
399 343 533 387 saurus.
578 344 649 387 cnr.
671 343 780 388 xxxn.
1004 321 1050 390 43

136 496 212 560 sine
236 517 278 560 ea
302 501 410 560 orator
433 518 506 561 esse
529 496 700 583 perlectus.
746 498 836 562 Nam
857 504 897 563 ut
920 498 1049 563 Stoico·

135 622 214 666 rum
239 601 426 665 adstrictior
452 609 505 666 est
529 603 635 666 oratio
660 603 899 686 aliquantoque
919 608 1049 666 contra·

134 706 232 784 ctior,
247 727 350 789 qnam
372 728 468 770 aures
494 707 609 793 populi
632 708 821 791 requirunt;
846 707 894 771 sic
917 706 1049 770 illorum

133 810 269 877 liberior
288 817 322 874 et
343 811 447 890 latior,
463 833 565 894 quarn
588 813 712 897 patitur
733 811 940 875 consuetudo
963 811 1050 894 judi·

136 917 267 979 ciorum
293 922 327 979 et
351 914 421 979 lori.
465 916 537 980 121.
564 915 651 995 Quis
673 917 763 980 enim
786 916 915 979 uberior
939 916 974 978 in
1001 915 1050 978 di·

136 1022 247 1085 cendo
270 1021 433 1086 Platone?
468 1023 588 1087 Jovem
610 1025 659 1087 sic
684 1024 780 1087 aiunt
804 1023 1000 1108 philosophi,
1020 1022 1050 1086 si

139 1126 272 1191 Graece
293 1127 456 1210 loquatur,
478 1128 578 1210 loqui.
625 1126 714 1206 Quis
738 1127 913 1191 Aristotele
936 1147 1049 1190 nervo-

136 1232 206 1295 sior
239 1231 468 1317 Theophrasto
495 1231 645 1295 dulcior?
691 1232 909 1295 Lectitavisse
940 1230 1051 1294 Plato·

136 1357 218 1401 nem
244 1336 400 1417 studiose,
424 1337 590 1400 audivisse
611 1337 713 1400 etiarn
736 1336 978 1400 Demosthenes
1001 1335 1049 1399 di·

136 1442 242 1505 citur:
262 1440 362 1524 idque
377 1448 515 1526 apparet
533 1463 573 1505 ex
595 1463 713 1527 genere
728 1448 763 1505 et
779 1441 966 1526 granditate
983 1461 1050 1505 ver·

136 1548 277 1609 borum:
298 1546 381 1610 dicit
401 1548 508 1610 etiam·
521 1547 555 1609 in
570 1547 719 1630 quadam
742 1546 884 1632 epistola
901 1547 964 1610 hoe
978 1547 1050 1631 ipse

135 1650 182 1715 de
207 1672 289 1714 sese.
335 1651 404 1716 Sed
430 1657 464 1715 et
489 1652 587 1735 hujus
611 1652 717 1715 oratio
743 1651 777 1715 in
805 1651 1050 1735 philosophiam

136 1756 301 1821 translata
315 1757 506 1842 pugnacior,
520 1763 560 1820 ut
574 1758 623 1820 ita
638 1756 759 1834 dicam,
773 1756 903 1819 videtur
924 1763 959 1819 et
980 1756 1051 1819 illo·

136 1883 215 1927 rum
231 1864 264 1925 in
277 1862 402 1946 judicia
419 1862 574 1946 pacatior.

188 1966 332 2030 XXXII.
376 1966 448 2030 122.
473 1967 572 2030 Nunc
589 1966 788 2049 reliquorum
809 1969 974 2029 oratorum
997 1983 1051 2026 ae·

135 2075 238 2150 tates,
261 2071 290 2134 si
311 2070 428 2156 placet,
450 2077 485 2135 et
507 2071 628 2157 gradm
656 2090 898 2155 persequamur.
944 2068 1050 2132 Nobis

8 2255 15 2268 .
135 2197 226 2253 vero,
251 2176 361 2259 inquit
386 2176 527 2255 Atticus,
549 2182 583 2240 et
607 2177 818 2238 vehementer
841 2173 986 2257 quidem,
1012 2178 1052 2237 ut

136 2301 200 2366 pro
223 2281 326 2344 Bruto
341 2282 445 2345 etiam
467 2279 697 2366 respondeam.
745 2280 845 2342 Curio
868 2278 931 2342 luit
950 2279 1051 2363 igitur

133 2384 291 2468 ejusdem
313 2388 434 2449 aetatis
459 2386 525 2449 fere
552 2406 632 2448 sane
655 2384 789 2448 illustris
816 2390 932 2462 orator,
954 2384 1050 2467 eujus

137 2489 184 2568 de
199 2490 334 2574 ingenio
349 2510 390 2552 ex
406 2490 611 2553 orationibus
632 2490 706 2573 ejus
730 2489 910 2551 existimari
933 2493 1052 2573 potest.

141 2595 233 2660 Sunt
247 2597 337 2659 enim
352 2602 387 2660 et
401 2596 486 2659 aliae
505 2602 539 2658 et
560 2616 618 2680 pro
643 2595 710 2659 Ser.
729 2594 849 2657 Fulvio
864 2594 905 2656 de
920 2593 1051 2657 incestu

139 2700 263 2764 nobilis
285 2701 400 2764 oratio.
446 2700 554 2764 Nobis
579 2699 714 2783 quidem
740 2698 874 2784 pueris*
898 2698 1050 2761 omnium

137 2806 272 2889 optima
301 2807 490 2889 putabatur,
520 2825 606 2887 quae
635 2805 690 2867 vix
717 2806 788 2889 jam
815 2809 985 2888 comparet
1014 2803 1049 2866 in

140 2910 205 2974 hac
220 2912 316 2973 turba
334 2930 495 2973 novorum
515 2909 733 2973 voluminum.
777 2908 850 2973 123.
874 2907 1051 2985 Praeclare,

137 3015 252 3097 inquit
274 3015 407 3094 Brutus,
421 3020 529 3093 tene0,
551 3015 609 3096 qui
631 3015 733 3078 istam
756 3016 888 3076 turbam
911 3011 1051 3075 volumi·

139 3142 224 3185 num
248 3118 398 3184 effecerit.
443 3120 489 3183 Et
511 3141 584 3205 ego,
599 3121 746 3202 inquam,
760 3118 917 3201 intellige,
939 3117 1051 3196 Bmte,

138 3246 244 3308 quem
260 3224 360 3288 dicas.
407 3224 503 3288 Certe
523 3225 613 3288 enim
635 3229 670 3286 et
691 3224 771 3286 boni
792 3222 915 3305 aliquid
940 3220 1051 3285 attuli·

139 3350 218 3395 mus
237 3330 414 3414 juventuti,
432 3328 709 3416 magnificentius,
732 3349 834 3411 quam
856 3325 973 3406 fuerat,
995 3346 1050 3412 gs·

408 3555 422 3582 ⁴*
437 3556 486 3607 Ed.
495 3555 592 3607 Prisc:
607 3555 664 3606 toa
679 3555 785 3605 ommam
