2542 4117
185 343 229 409 22
461 365 596 408 caurus.
643 366 714 408 cnr.
737 365 821 408 xvrr.

189 509 337 582 Graecus
374 520 417 581 ab
450 519 543 582 omni
579 518 679 582 laude
712 519 844 583 felicior.
898 518 950 582 64.
984 518 1102 583 Habet

186 624 276 687 enim
299 628 404 687 certos
428 624 481 687 sui
505 623 681 703 studiosos,
697 625 755 706 qui
779 629 938 687 nontam
963 625 1100 688 habitus

185 728 329 813 corporis
352 729 483 813 opimos
509 750 611 810 quam
634 728 833 813 gracilitates
858 735 1099 808 consectentur,

185 855 280 918 quos,
294 833 450 897 valetudo
473 832 574 897 modo
596 835 685 896 bona
709 835 760 912 sit,
774 834 921 897 tenuitas
944 834 1019 918 ipsa
1043 833 1099 896 de-

184 937 294 1003 lectat.
342 937 558 1021 Quamquam
585 939 620 1001 in
646 938 751 1024 Lysia
766 960 866 1023 saepe
890 943 969 1001 sunt
992 939 1100 1000 etiam

133 1035 148 1118 l,
184 1043 306 1121 lacerti,
322 1043 369 1106 sic
382 1048 422 1106 ut
435 1040 504 1105 fieri
521 1042 602 1105 nihil
623 1044 728 1128 possit
747 1042 921 1106 valentius
968 1042 1099 1105 Verum

94 1138 95 1141 ¹
186 1154 238 1214 est
252 1156 337 1210 certe
353 1168 469 1231 genere
484 1152 556 1210 toto
572 1148 758 1231 strigosior;
781 1146 838 1210 sed
859 1148 959 1210 habet
982 1153 1099 1210 tamen

113 1237 265 1403 ¹Unus
287 1251 485 1329 laudatores,
500 1252 559 1333 qui
581 1251 644 1314 hac
666 1252 739 1336 ipsa
755 1252 826 1335 ejus
842 1251 1024 1314 subtilitate
1041 1251 1100 1315 ad·

185 1355 325 1421 modum
356 1354 533 1441 gaudeant.
579 1355 693 1419 XVII.
739 1356 790 1419 65.
824 1357 988 1419 Catonern
1020 1378 1099 1420 vero

185 1462 259 1543 quis
275 1466 461 1524 nostrorum
477 1467 654 1540 oratorum,
670 1462 728 1543 qui
753 1461 889 1543 quidem
905 1483 993 1524 nunc
1008 1467 1099 1541 sunt,

185 1564 289 1650 legit?
312 1571 373 1629 aut
387 1566 461 1647 quis
483 1566 576 1628 novit
593 1565 755 1629 omnino?
803 1567 848 1629 At
862 1587 962 1648 quem
978 1567 1100 1645 virum,

186 1669 233 1733 dii
249 1668 344 1732 boni!
368 1670 465 1734 mitto
481 1669 586 1733 civem
603 1675 663 1733 aut
678 1676 864 1734 senatorem
884 1677 943 1733 aut
957 1671 1099 1755 impera·

185 1779 309 1838 torem:
333 1781 495 1838 oratorem
518 1775 607 1838 enim
624 1774 774 1838 hocloco
790 1776 998 1858 quaerimus:
1021 1777 1099 1858 quis

184 1880 241 1945 illo
260 1881 387 1966 gravior
409 1881 443 1944 in
465 1879 637 1943 laudando
656 1881 801 1943 acerbior
820 1881 855 1943 in
878 1881 1098 1964 vituperando

185 1986 220 2049 in
240 1986 412 2049 sententiis
428 1986 574 2071 argutior
594 1985 628 2047 in
651 1984 801 2048 docendo
823 1984 1099 2067 edisserendoque

186 2089 359 2153 subtilior?
405 2089 559 2154 Refertae
575 2095 653 2153 suut
675 2090 840 2152 orationes
856 2089 1000 2173 amplius
1024 2111 1099 2153 cen-

185 2199 259 2258 tum
275 2195 527 2280 quinquaginta,
539 2216 623 2277 quas
639 2193 775 2276 quidem
790 2194 900 2257 adhuc
915 2196 1098 2258 invenerim

187 2305 221 2362 et
247 2298 390 2384 legerim,
406 2306 439 2362 et
464 2300 569 2362 verbis
590 2305 624 2362 et
646 2300 743 2361 rebus
767 2299 956 2362 illustribus.
1002 2300 1099 2364 Licet

187 2425 226 2468 ex
243 2404 293 2467 his
309 2404 434 2489 eligant
449 2426 499 2483 ea,
514 2425 600 2487 quae
624 2404 796 2467 notatione
818 2410 851 2466 et
872 2404 971 2467 laude
995 2405 1099 2489 digna

187 2510 271 2589 sint;
294 2531 410 2572 omnes
433 2510 594 2573 oratoriae
616 2510 754 2571 virtutes
769 2510 803 2570 in
821 2508 868 2570 eis
889 2510 1099 2593 reperientur.

187 2614 238 2678 66.
260 2614 338 2678 Jam
370 2635 445 2676 vero
479 2614 631 2698 Origines
662 2613 733 2697 ejus
763 2634 863 2694 quem
894 2612 1007 2676 florem
1039 2619 1099 2677 aut

186 2718 276 2800 quod
298 2718 410 2781 lumen
427 2718 635 2800 eloquentiae
652 2739 718 2780 non
736 2717 881 2781 habent?
921 2720 1098 2782 Amatores

187 2823 265 2887 huie
291 2822 420 2901 desunt,
447 2823 544 2885 sicuti
567 2822 682 2885 multis
702 2822 773 2905 jam
806 2828 883 2885 ante
915 2823 1034 2886 seculis
1064 2829 1099 2887 'et

188 2928 329 2992 Philisto
353 2926 531 3012 Syracusio
554 2933 588 2989 et
608 2927 673 3010 ipsi
697 2926 895 3010 Thucydidi.
941 2928 1033 2990 Nam
1058 2934 1098 2990 ut

186 3035 306 3098 horum
329 3033 469 3096 concisis
495 3032 677 3110 sententiis
703 3031 871 3094 interdum
898 3032 999 3095 etiam
1029 3055 1097 3096 non

188 3140 269 3202 satis
292 3139 413 3223 apertis
434 3159 511 3200 cum
527 3137 685 3199 brevitate
707 3141 781 3197 tum
805 3137 910 3199 nimio
931 3139 1097 3217 acumine,

185 3243 291 3308 officit
307 3244 545 3327 Theopompus
561 3242 703 3304 elatione
719 3246 819 3322 atque
836 3241 1010 3305 altitudine
1027 3259 1097 3306 orae

186 3349 288 3413 tionis
311 3369 401 3425 suae,
417 3347 507 3428 quod
528 3345 617 3408 idem
636 3344 757 3430 Lysiae
780 3345 1033 3425 Demosthenes,
1049 3348 1098 3410 sic

191 3455 330 3518 Cat-onis
360 3452 542 3515 luminibus
576 3450 739 3512 obstruxit
769 3450 850 3512 haec
880 3452 1097 3534 posteriorum

187 3562 284 3647 quasi
314 3562 513 3641 exaggerata
539 3554 640 3618 altius
668 3555 782 3617 oratio.
828 3555 881 3617 67.
906 3554 973 3619 Sed
1003 3557 1097 3620 etin
