2542 4117
237 283 281 350 94
506 301 642 345 saurus.
686 300 757 343 car.
781 298 873 344 uxxr.

236 459 300 522 bus
315 462 438 536 tamen,
453 476 537 539 quos
552 477 574 519 a
587 460 621 519 te
637 455 706 518 scio
725 452 854 517 laudari
872 451 984 532 solere,
1002 452 1152 518 Caesare

236 568 271 627 et
289 561 455 638 Marcello,
471 560 619 625 audirem
643 581 710 623 non
734 559 845 621 minus
866 557 1027 637 lubenter,
1041 579 1151 641 quam

236 667 350 732 audivi
378 666 420 729 de
449 667 500 744 iis,
529 665 587 748 qui
618 663 759 728 suerunt
818 663 885 726 Cur
913 662 1075 726 tandeml
1100 666 1153 726 in·

236 792 357 856 quam3
381 792 423 834 an
447 776 630 855 exspectas,
645 768 727 852 qnid
751 789 813 853 ego
834 767 983 852 judicem
999 768 1043 831 de
1065 769 1151 848 istis,

236 879 294 961 qui
317 878 378 941 tibi
399 882 477 939 sunt
499 896 604 958 aeque
620 875 690 937 noti
710 895 749 937 ac
765 871 869 936 mihil
914 873 1008 952 Mihi,
1023 875 1152 937 meher-

236 982 319 1061 cule,
333 983 451 1064 inquit,
468 978 643 1043 Marcellus
659 979 738 1042 satis
754 984 805 1041 est
821 984 930 1057 notus,
949 978 1075 1042 Caesar
1092 999 1151 1042 au·

141 1128 142 1131 =
235 1093 304 1151 tem
328 1107 463 1171 pamm:
484 1084 578 1147 illum
602 1083 693 1146 enim
714 1103 814 1166 saepe
837 1082 968 1163 audivi;
992 1083 1055 1162 hic,
1070 1104 1149 1146 cum

236 1213 300 1277 ego
322 1191 470 1275 judicare
493 1190 566 1273 jam
590 1187 717 1269 aliquid
739 1207 883 1271 possem,
910 1187 1026 1252 abfuit
1073 1187 1149 1250 219.

240 1296 332 1374 Quid
355 1296 455 1379 igitur
471 1293 512 1356 de
528 1293 584 1356 illo
595 1293 739 1377 judicas,
754 1313 855 1374 quem
878 1313 978 1377 saepe
1000 1290 1149 1355 audisti?

240 1400 332 1478 Quid
355 1419 479 1477 censes,
502 1399 621 1480 inquit,
645 1397 709 1460 nisi
731 1397 776 1475 id,
798 1396 888 1479 quod
913 1397 1088 1460 habiturus
1114 1418 1150 1459 es

236 1503 379 1568 similem
402 1502 475 1567 tui?
521 1502 596 1566 Nae
612 1523 686 1586 ego,
701 1502 850 1584 inquam,
866 1501 893 1564 si
909 1501 957 1564 ita
972 1507 1032 1581 est,
1050 1501 1150 1564 velim

235 1610 297 1673 tibi
322 1630 399 1673 eum
421 1608 549 1693 placere
575 1628 677 1690 quam
709 1608 865 1670 maxime.
913 1606 1019 1688 Atqui
1043 1607 1151 1670 etita

236 1719 297 1790 est,
317 1714 436 1797 inquit,
458 1719 491 1776 et
516 1713 725 1775 vehementer
748 1711 874 1796 placet:
896 1731 958 1774 nec
978 1732 1055 1774 vero
1078 1713 1151 1774 sine

237 1838 358 1900 causa3
382 1839 460 1882 nam
484 1822 518 1881 et
539 1816 664 1895 didicit,
682 1822 715 1878 et
738 1815 869 1879 omissis
892 1815 1007 1878 ceteris
1031 1816 1151 1879 studiis

237 1945 344 1988 unum
375 1924 409 1988 id
439 1923 516 2007 egit,
543 1942 681 2004 seseque
711 1920 914 2004 quotidianis
944 1927 1151 1984 commenta·

237 2030 385 2094 tionibus
401 2027 555 2091 acerrime
571 2026 725 2088 exercuit.
770 2024 843 2087 250.
869 2024 986 2107 Itaque
1002 2031 1037 2089 et
1056 2025 1151 2090 lectis

237 2134 342 2197 utitur
363 2133 469 2195 verbis
491 2130 783 2212 etfrequentibus,
806 2135 840 2193 et
862 2129 1035 2214 splendore
1058 2132 1152 2195 vocis

237 2243 273 2302 et
296 2237 458 2322 dignitate
474 2241 587 2299 motus
601 2233 640 2298 fit
656 2236 843 2319 speciosum
860 2241 894 2298 et
907 2234 1042 2315 illustre,
1058 2236 1153 2319 quod

237 2342 373 2422 dicitur;
399 2340 579 2423 omniaque
606 2340 654 2403 sic
680 2345 872 2423 suppetunt,
897 2344 935 2403 ut
961 2341 992 2403 ei
1022 2339 1153 2405 nullam

237 2447 352 2512 deesse
369 2446 523 2509 virtutem
539 2445 675 2508 oratoris
692 2451 826 2529 putem:
849 2445 1062 2527 maximeque
1081 2445 1153 2510 lau·

238 2551 371 2617 dandus
387 2556 446 2630 est,
462 2550 520 2634 qui
543 2550 606 2613 hoc
627 2554 776 2633 tempore
797 2548 880 2633 ipso,
898 2570 976 2613 curn
991 2549 1100 2631 liceat,
1115 2552 1153 2616 in

239 2658 303 2723 hoc
329 2656 502 2721 communi
523 2660 633 2718 nostro
657 2659 692 2716 et
717 2654 814 2736 quasi
841 2651 936 2717 latali
959 2654 1049 2717 malo
1072 2677 1152 2719 con·

239 2762 362 2827 soletur
385 2783 419 2824 se
442 2781 520 2823 cum
535 2758 738 2821 conscientia
761 2756 909 2842 optimae
929 2760 1052 2823 mentis
1075 2767 1153 2825 tum

239 2868 342 2932 etiam
355 2864 570 2948 usurpatione
582 2868 615 2925 et
629 2864 843 2925 renovatione
855 2863 1032 2927 doctrinae.
1070 2865 1154 2929 Vidi

240 2973 329 3036 eninr
355 2968 523 3055 Mitylenis
545 2988 649 3051 nuper
669 2968 785 3046 virum,
801 2974 911 3050 atque,
927 2975 965 3032 ut
987 2969 1066 3049 dixi,
1082 2972 1155 3035 vidi

239 3077 337 3166 plane
353 3076 468 3139 virum.
505 3073 621 3155 Itaque
637 3092 715 3134 cum
731 3093 807 3134 eum
825 3079 926 3136 antea
940 3074 990 3137 tui
1006 3074 1153 3139 similem

238 3183 275 3248 in
297 3181 437 3246 diceudo
459 3178 606 3257 viderim,
620 3182 694 3240 turn
714 3197 790 3240 vero
814 3198 903 3241 nunc
918 3200 940 3242 a
955 3178 1153 3245 doctissimo

239 3290 308 3351 viro
338 3287 474 3367 tibique,
498 3289 537 3346 ut
566 3282 721 3361 intellexi,
752 3282 956 3346 amicissimo
990 3284 1153 3371 Cratippo

238 3394 436 3456 instructum
460 3388 553 3451 omni
575 3388 673 3472 copia
699 3386 803 3450 multo
830 3386 985 3451 videbam
1013 3374 1153 3455 similio‘·

238 3517 317 3560 rem.
362 3494 435 3560 251.
460 3491 525 3557 Hic
540 3513 613 3578 ego,
630 3491 715 3573 Etsi,
731 3492 882 3576 inquam,
897 3492 939 3557 de
955 3495 1076 3579 optimi
1091 3497 1153 3561 viri
